
@article{chang2016improvement,
  author = "C.-H. Chang and Y. Chen and X.-X. Yew and H.-X. Chen and J.-X. Kim and C.-C. Chang and C.-C. Peng and R. Y. Peng",
  title = "Improvement of erinacine A productivity in Hericium erinaceus mycelia and its neuroprotective bioactivity against the glutamate-insulted apoptosis",
  year = 2016,
  journal = "LWT-Food Science and Technology",
  publisher = "Elsevier",
  volume = 65,
  keywords = "neuroprotective,apoptosis,Hericium",
  url = "http://www.sciencedirect.com/science/article/pii/S0023643815301080"
}


@article{arai2015effectiveness,
  author = "M. Arai and S.-i. Izumi and Y. Izumi",
  title = "The Effectiveness of the Japanese Kampo Medicine, Kamikihito, for the Cognitive Impairment of Dementia.",
  year = 2015,
  journal = "International Medical Journal",
  volume = 22,
  number = 3,
  keywords = "kampo,Kamikihito,dementia"
}


@article{wang2015erinacerins,
  author = "K. Wang and L. Bao and Q. Qi and F. Zhao and K. Ma and Y. Pei and H. Liu",
  title = "Erinacerins C--L, Isoindolin-1-ones with $\alpha$-Glucosidase Inhibitory Activity from Cultures of the Medicinal Mushroom Hericium erinaceus",
  year = 2015,
  journal = "Journal of natural products",
  publisher = "ACS Publications",
  volume = 78,
  number = 1,
  keywords = "Hericium",
  url = "http://pubs.acs.org/doi/abs/10.1021/np5004388"
}


@article{liu2015systemic,
  author = "Z. Liu and Q. Wang and J. Cui and L. Wang and L. Xiong and W. Wang and D. Li and N. Liu and Y. Wu and C. Mao",
  title = "Systemic Screening of Strains of the Lion's Mane Medicinal Mushroom Hericium erinaceus (Higher Basidiomycetes) and Its Protective Effects on A$\beta$-Triggered Neurotoxicity in PC12 Cells",
  year = 2015,
  journal = "International journal of medicinal mushrooms",
  publisher = "Begel House Inc.",
  volume = 17,
  number = 3,
  keywords = "Hericium,neurotoxicity",
  url = "http://www.dl.begellhouse.com/journals/708ae68d64b17c52,7b35b5ed6bb0a817,1589d803306fd16f.html"
}


@article{suruga2015effects,
  author = "K. Suruga and K. Kadokura and Y. Sekino and T. Nakano and K. Matsuo and K. Irie and K. Mishima and M. Yoneyama and Y. Komatsu",
  title = "Effects of Comb Tooth Cap Medicinal Mushroom, Hericium ramosum (Higher Basidiomycetes) Mycelia on DPPH Radical Scavenging Activity and Nerve Growth Factor Synthesis",
  year = 2015,
  journal = "International journal of medicinal mushrooms",
  publisher = "Begel House Inc.",
  volume = 17,
  number = 4,
  keywords = "Hericium",
  url = "http://www.dl.begellhouse.com/journals/708ae68d64b17c52,5b711a741ddf87a8,756f50dc436ecd5a.html"
}


@article{kumar2015asarones,
  author = "S. N. Kumar and S. Aravind and T. Sreelekha and J. Jacob and B. D. Kumar",
  title = "Asarones from Acorus calamus in Combination with Azoles and Amphotericin B: A Novel Synergistic Combination to Compete Against Human Pathogenic Candida Species In Vitro",
  year = 2015,
  journal = "Applied biochemistry and biotechnology",
  publisher = "Springer",
  volume = 175,
  number = 8,
  keywords = "Acorus,calamus,candida,in vitro",
  url = "http://link.springer.com/article/10.1007/s12010-015-1537-y"
}


@article{watari2015comparing,
  author = "H. Watari and M. Shigyo and N. Tanabe and M. Tohda and K.-H. Cho and P. S. Kyung and W. S. Jung and Y. Shimada and N. Shibahara and T. Kuboyama and others",
  title = "Comparing the Effects of Kamikihito in Japan and Kami-Guibi-Tang in Korea on Memory Enhancement: Working Towards the Development of a Global Study",
  year = 2015,
  journal = "Phytotherapy Research",
  publisher = "Wiley Online Library",
  volume = 29,
  number = 3,
  keywords = "memory",
  url = "http://onlinelibrary.wiley.com/doi/10.1002/ptr.5250/pdf"
}


@article{shimizu2015kampo,
  author = "S. Shimizu and T. Tanaka and T. Takeda and M. Tohyama and S. Miyata",
  title = "The Kampo Medicine Yokukansan Decreases MicroRNA-18 Expression and Recovers Glucocorticoid Receptors Protein Expression in the Hypothalamus of Stressed Mice",
  year = 2015,
  journal = "BioMed Research International",
  publisher = "Hindawi Publishing Corporation",
  volume = 2015,
  keywords = "kampo,yokukansan",
  url = "http://www.hindawi.com/journals/bmri/2015/797280/abs/"
}


@article{kudoh2015effect,
  author = "C. Kudoh and R. Arita and M. Honda and T. Kishi and Y. Komatsu and H. Asou and M. Mimura",
  title = "Effect of ninjin'yoeito, a Kampo (traditional Japanese) medicine, on cognitive impairment and depression in patients with Alzheimer's disease: 2 years of observation",
  year = 2015,
  journal = "Psychogeriatrics",
  publisher = "Wiley Online Library",
  keywords = "kampo,Alzheimer's,open-label",
  url = "http://onlinelibrary.wiley.com/doi/10.1111/psyg.12125/full"
}


@article{taghizadeh2015effect,
  author = "M. Taghizadeh and M. R. Memarzadeh and Z. Asemi and A. Esmaillzadeh",
  title = "Effect of the cumin cyminum L. Intake on Weight Loss, Metabolic Profiles and Biomarkers of Oxidative Stress in Overweight Subjects: A Randomized Double-Blind Placebo-Controlled Clinical Trial",
  year = 2015,
  journal = "Annals of Nutrition and Metabolism",
  publisher = "Karger Publishers",
  volume = 66,
  number = 23,
  keywords = "Cumin,RCT,insulin,weight loss",
  url = "http://www.karger.com/Article/FullText/373896"
}


@article{kishimoto2015effects,
  author = "A. Kishimoto and S. Dong and H. Negishi and N. Yasui and J. Sun and K. Ikeda",
  title = "Effects of Berberine on Adipose Tissues and Kidney Function in 3T3-L1 Cells and Spontaneously Hypertensive Rats.",
  year = 2015,
  journal = "Natural product communications",
  volume = 10,
  number = 9,
  keywords = "berberine,nephroprotective",
  url = "http://europepmc.org/abstract/med/26594754"
}


@article{du2015ampk,
  author = "L.-L. Du and D.-M. Chai and L.-N. Zhao and X.-H. Li and F.-C. Zhang and H.-B. Zhang and L.-B. Liu and K. Wu and R. Liu and J.-Z. Wang and others",
  title = "AMPK Activation Ameliorates Alzheimer's Disease-Like Pathology and Spatial Memory Impairment in a Streptozotocin-Induced Alzheimer's Disease Model in Rats.",
  year = 2015,
  journal = "Journal of Alzheimer's disease: JAD",
  volume = 43,
  number = 3,
  keywords = "AMPK,memory,Alzheimer's",
  url = "http://www.ncbi.nlm.nih.gov/pubmed/25114075"
}


@article{friedman2015chemistry,
  author = "M. Friedman",
  title = "Chemistry, nutrition, and health-promoting properties of Hericium erinaceus (Lion’s Mane) mushroom fruiting bodies and Mycelia and their bioactive compounds",
  year = 2015,
  journal = "Journal of Agricultural and Food Chemistry",
  publisher = "ACS Publications",
  volume = 63,
  number = 32,
  keywords = "Hericium",
  url = "http://pubs.acs.org/doi/abs/10.1021/acs.jafc.5b02914"
}


@article{inanaga2015treatment,
  author = "K. Inanaga and M. Yoshida and O. Tomita and N. Uchimura",
  title = "Treatment of Mild Neurocognitive Disorder with Compounds from Hericium Erinaceum.",
  year = 2015,
  journal = "International Medical Journal",
  volume = 22,
  number = 3,
  keywords = "case series,Hericium",
  url = "http://web.b.ebscohost.com/abstract?direct=true&profile=ehost&scope=site&authtype=crawler&jrnl=13412051&AN=103400492&h=oACtn%2bH%2b5D1mRxp%2fqDO1oz6edRbZ6EYftY0CAW54O%2fR41a7EKNRDuYcfAwI9snz%2fk3WE%2b"
}


@article{hao2015shared,
  author = "K. Hao and A. F. D. Narzo and L. Ho and W. Luo and S. Li and R. Chen and T. Li and L. Dubner and G. M. Pasinetti",
  title = "Shared genetic etiology underlying Alzheimer's disease and type 2 diabetes",
  year = 2015,
  journal = "Molecular aspects of medicine",
  publisher = "Elsevier",
  volume = 43,
  keywords = "metabolic syndrome,epidemiology,Alzheimer's",
  url = "http://www.sciencedirect.com/science/article/pii/S0098299715000412"
}


@article{pisa2015direct,
  author = "D. Pisa and R. Alonso and A. Juarranz and A. R\'abano and L. Carrasco",
  title = "Direct visualization of fungal infection in brains from patients with Alzheimer's disease.",
  year = 2015,
  journal = "Journal of Alzheimer's disease: JAD",
  volume = 43,
  number = 2,
  keywords = "fungal,Alzheimer's,infection,fungal infection",
  url = "http://europepmc.org/abstract/med/25125470"
}


@article{zhang2015cognitive,
  author = "Y. Zhang and C. Lin and L. Zhang and Y. Cui and Y. Gu and J. Guo and D. Wu and Q. Li and W. Song",
  title = "Cognitive Improvement during Treatment for Mild Alzheimer’s Disease with a Chinese Herbal Formula: A Randomized Controlled Trial",
  year = 2015,
  journal = "PloS one",
  publisher = "Public Library of Science",
  volume = 10,
  number = 6,
  keywords = "RCT,Alzheimer's",
  url = "http://www.ncbi.nlm.nih.gov/pmc/articles/PMC4468068/"
}


@article{pisa2015different,
  author = "D. Pisa and R. Alonso and A. R\'abano and I. Rodal and L. Carrasco",
  title = "Different Brain Regions are Infected with Fungi in Alzheimer’s Disease",
  year = 2015,
  journal = "Scientific reports",
  publisher = "Nature Publishing Group",
  volume = 5,
  keywords = "fungal,Alzheimer's",
  url = "http://www.nature.com/articles/srep15015"
}


@article{tsai2015finding,
  author = "C.-H. Tsai and Y.-H. Yen and J. P.-W. Yang",
  title = "Finding of polysaccharide-peptide complexes in Cordyceps militaris and evaluation of its acetylcholinesterase inhibition activity",
  year = 2015,
  journal = "Journal of Food and Drug Analysis",
  publisher = "Elsevier",
  volume = 23,
  number = 1,
  keywords = "Cordyceps,acetylcholinesterase",
  url = "http://www.sciencedirect.com/science/article/pii/S1021949814000957"
}


@article{thenmozhi2015neuroprotective,
  author = "A. J. Thenmozhi and T. R. W. Raja and U. Janakiraman and T. Manivasagam",
  title = "Neuroprotective effect of hesperidin on aluminium chloride induced Alzheimer’s disease in Wistar rats",
  year = 2015,
  journal = "Neurochemical research",
  publisher = "Springer",
  volume = 40,
  number = 4,
  keywords = "Alzheimer's,Fumanjian,neuroprotective,flavonoid,Citrus,aluminum",
  url = "http://link.springer.com/article/10.1007/s11064-015-1525-1"
}


@article{ademosun2015comparative,
  author = "A. O. Ademosun and G. Oboh and A. J. Olupona and S. I. Oyeleye and T. M. Adewuni and E. E. Nwanna",
  title = "Comparative Study of Chemical Composition, In Vitro Inhibition of Cholinergic and Monoaminergic Enzymes, and Antioxidant Potentials of Essential Oil from Peels and Seeds of Sweet Orange (Citrus Sinensis [L.] Osbeck) Fruits",
  year = 2015,
  journal = "Journal of Food Biochemistry",
  publisher = "Wiley Online Library",
  keywords = "antioxidant,in vitro,anticholinesterase,flavonoid,Citrus"
}


@article{nakajima2015nobiletin,
  author = "A. Nakajima and Y. Aoyama and E.-J. Shin and Y. Nam and H.-C. Kim and T. Nagai and A. Yokosuka and Y. Mimaki and T. Yokoi and Y. Ohizumi and others",
  title = "Nobiletin, a citrus flavonoid, improves cognitive impairment and reduces soluble A$\beta$ levels in a triple transgenic mouse model of Alzheimer's disease (3XTg-AD)",
  year = 2015,
  journal = "Behavioural brain research",
  publisher = "Elsevier",
  volume = 289,
  keywords = "Alzheimer's,Citrus,flavonoid",
  url = "http://www.sciencedirect.com/science/article/pii/S0166432815002703"
}


@article{chua2015efficacy,
  author = "K.-K. Chua and A. Wong and P. W. Kwan and J.-X. Song and L.-L. Chen and A. L. Chan and J.-H. Lu and V. Mok and M. Li",
  title = "The efficacy and safety of the Chinese herbal medicine Di-Tan decoction for treating Alzheimer’s disease: protocol for a randomized controlled trial",
  year = 2015,
  journal = "Trials",
  publisher = "BioMed Central Ltd",
  volume = 16,
  number = 1,
  keywords = "Poria,RCT,Alzheimer's,Di-tan",
  url = "http://www.trialsjournal.com/content/16/1/199/abstract"
}


@article{pluta2015review,
  author = "R. Pluta and A. Bogucka-Kocka and M. U\lamek-Kozio\l and W. Furmaga-Jab\lo\'nska and S. Januszewski and J. Brzozowska and M. Jab\lo\'nski and J. Kocki",
  title = "Review paper Neurogenesis and neuroprotection in postischemic brain neurodegeneration with Alzheimer phenotype: is there a role for curcumin?",
  year = 2015,
  journal = "Folia Neuropathol",
  volume = 53,
  number = 2,
  keywords = "neurogenesis,curcumin,neurodegeneration,neuroprotection,review",
  url = "http://www.termedia.pl/Review-paper-Neurogenesis-and-neuroprotection-in-postischemic-r-nbrain-neurodegeneration-with-Alzheimer-phenotype-is-there-a-role-for-curcumin-,20,25332,1,1.html"
}


@article{padmanaban2015curcumin,
  author = "G. Padmanaban and P. N. Rangarajan",
  title = "Curcumin as an Adjunct Drug for Infectious Diseases",
  year = 2015,
  journal = "Trends in pharmacological sciences",
  publisher = "Elsevier",
  keywords = "curcumin,review",
  url = "http://www.sciencedirect.com/science/article/pii/S0165614715002096"
}


@article{lopresti2015curcumin,
  author = "A. L. Lopresti and M. Maes and M. J. Meddens and G. L. Maker and E. Arnoldussen and P. D. Drummond",
  title = "Curcumin and major depression: A randomised, double-blind, placebo-controlled trial investigating the potential of peripheral biomarkers to predict treatment response and antidepressant mechanisms of change",
  year = 2015,
  journal = "European Neuropsychopharmacology",
  publisher = "Elsevier",
  volume = 25,
  number = 1,
  keywords = "curcumin,RCT,antidepressant",
  url = "http://www.sciencedirect.com/science/article/pii/S0924977X14003265"
}


@article{yao2015neurological,
  author = "M. Yao and L. Yang and J. Wang and Y.-l. Sun and R.-l. Dun and Y.-j. Wang and X.-j. Cui",
  title = "Neurological Recovery and Antioxidant Effects of Curcumin for Spinal Cord Injury in the Rat: A Network Meta-Analysis and Systematic Review",
  year = 2015,
  journal = "Journal of neurotrauma",
  publisher = "Mary Ann Liebert, Inc. 140 Huguenot Street, 3rd Floor New Rochelle, NY 10801 USA",
  volume = 32,
  number = 6,
  keywords = "animal model,antioxidant,curcumin,review,spinal chord injury",
  url = "http://online.liebertpub.com/doi/abs/10.1089/neu.2014.3520"
}


@article{seo2015curcumin,
  author = "H.-J. Seo and S.-M. Wang and C. Han and S.-J. Lee and A. A. Patkar and P. S. Masand and C.-U. Pae",
  title = "Curcumin as a putative antidepressant",
  year = 2015,
  journal = "Expert review of neurotherapeutics",
  publisher = "Informa UK, Ltd London",
  volume = 15,
  number = 3,
  keywords = "curcumin,antidepressant",
  url = "http://www.tandfonline.com/doi/abs/10.1586/14737175.2015.1008457"
}


@article{hu2015clinical,
  author = "S. Hu and P. Maiti and Q. Ma and X. Zuo and M. R. Jones and G. M. Cole and S. A. Frautschy",
  title = "Clinical development of curcumin in neurodegenerative disease",
  year = 2015,
  journal = "Expert review of neurotherapeutics",
  publisher = "Taylor \& Francis",
  volume = 15,
  number = 6,
  keywords = "curcumin,alzheimers,review",
  url = "http://www.tandfonline.com/doi/abs/10.1586/14737175.2015.1044981"
}


@article{soares2015vitro,
  author = "I. Soares and \. Loreto and L. Rossato and D. Mario and T. Venturini and F. Baldissera and J. Santurio and S. Alves",
  title = "In vitro activity of essential oils extracted from condiments against fluconazole-resistant and-sensitive Candida glabrata",
  year = 2015,
  journal = "Journal de Mycologie M\'edicale/Journal of Medical Mycology",
  publisher = "Elsevier",
  volume = 25,
  number = 3,
  keywords = "antifungal,oregano,candida",
  url = "http://www.sciencedirect.com/science/article/pii/S1156523315001109"
}


@article{choi2015anti,
  author = "Y. J. Choi and H. S. Yang and J. H. Jo and S. C. Lee and T. Y. Park and B. S. Choi and K. S. Seo and C. K. Huh",
  title = "Anti-Amnesic Effect of Fermented Ganoderma lucidum Water Extracts by Lactic Acid Bacteria on Scopolamine-Induced Memory Impairment in Rats",
  year = 2015,
  journal = "Preventive nutrition and food science",
  publisher = "Korean Society of Food Science and Nutrition (KFN)",
  volume = 20,
  number = 2,
  keywords = "ganoderma"
}


@article{cox2015investigation,
  author = "K. H. Cox and A. Pipingas and A. B. Scholey",
  title = "Investigation of the effects of solid lipid curcumin on cognition and mood in a healthy older population",
  year = 2015,
  journal = "Journal of Psychopharmacology",
  publisher = "SAGE Publications",
  volume = 29,
  number = 5,
  keywords = "curcumin,antifungal,RCT",
  url = "http://jop.sagepub.com/content/29/5/642"
}


@article{li2014memory,
  author = "Z. Li and Y. Liu and L. Wang and X. Liu and Q. Chang and Z. Guo and Y. Liao and R. Pan and T.-P. Fan",
  title = "Memory-enhancing effects of the crude extract of Polygala tenuifolia on aged mice",
  year = 2014,
  journal = "Evidence-Based Complementary and Alternative Medicine",
  publisher = "Hindawi Publishing Corporation",
  volume = 2014,
  keywords = "Polygala",
  url = "http://www.hindawi.com/journals/ecam/2014/392324/abs/"
}


@article{inanaga2014improvement,
  author = "K. Inanaga and T. Matsuki and Y. Hoaki and K. Miki and A. Shigemoto and S. Hirota and N. Mori and N. Hattori",
  title = "Improvement of refractory schizophrenia on using Amyloban{\textregistered} 3399 extracted from Hericium erinaceum",
  year = 2014,
  journal = "Personalized Medicine Universe",
  publisher = "Elsevier",
  volume = 3,
  keywords = "Hericium",
  url = "http://www.sciencedirect.com/science/article/pii/S2186495014000145/pdf?md5=970646a3ff093b5cc7481205957f17af&pid=1-s2.0-S2186495014000145-main.pdf&_valck=1"
}


@article{li2014genotoxicity,
  author = "I.-C. Li and Y.-L. Chen and W.-P. Chen and L.-Y. Lee and Y.-T. Tsai and C.-C. Chen and C.-S. Chen",
  title = "Genotoxicity profile of erinacine A-enriched Hericium erinaceus mycelium",
  year = 2014,
  journal = "Toxicology Reports",
  publisher = "Elsevier",
  volume = 1,
  keywords = "Hericium",
  url = "http://www.sciencedirect.com/science/article/pii/S2214750014001334"
}


@article{jiang2014medicinal,
  author = "S. Jiang and S. Wang and Y. Sun and Q. Zhang",
  title = "Medicinal properties of Hericium erinaceus and its potential to formulate novel mushroom-based pharmaceuticals",
  year = 2014,
  journal = "Applied microbiology and biotechnology",
  publisher = "Springer",
  volume = 98,
  number = 18,
  keywords = "Hericium",
  url = "http://link.springer.com/article/10.1007/s00253-014-5955-5"
}


@article{zong2014analysis,
  author = "X. Zong and X. Ji and F. Wei and Z. Shi",
  title = "[Analysis on prescription rules of treating senile dementia based on traditional Chinese medicine inheritance auxiliary systems].",
  year = 2014,
  journal = "Zhongguo Zhong yao za zhi= Zhongguo zhongyao zazhi= China journal of Chinese materia medica",
  volume = 39,
  number = 4,
  keywords = "dementia,Chinese",
  url = "http://europepmc.org/abstract/med/25204138"
}


@article{nanasombat2014antimicrobial,
  author = "S. Nanasombat and T. Bubpasawa and N. Tamaput and Y. Srimakhan",
  title = "Antimicrobial activity of Thai medicinal plants against beverage spoilage microorganisms and their potential in retarding Alzheimer’s disease progression",
  year = 2014,
  journal = "Pharmacog Com",
  volume = 4,
  number = 3,
  keywords = "Alzheimer's",
  url = "http://phcogfirst.com/sites/default/files/PC_4_3_8.pdf"
}


@article{millington2014chronic,
  author = "C. Millington and S. Sonego and N. Karunaweera and A. Rangel and J. R. Aldrich-Wright and I. L. Campbell and E. Gyengesi and G. Münch",
  title = "Chronic neuroinflammation in Alzheimer’s disease: New perspectives on animal models and promising candidate drugs",
  year = 2014,
  journal = "BioMed research international",
  publisher = "Hindawi Publishing Corporation",
  volume = 2014,
  keywords = "neuroinflammation,Alzheimer's",
  url = "http://www.hindawi.com/journals/bmri/2014/309129/abs/"
}


@article{ahmed2014therapeutic,
  author = "T. Ahmed and A.-H. Gilani",
  title = "Therapeutic potential of turmeric in Alzheimer's disease: curcumin or curcuminoids?",
  year = 2014,
  journal = "Phytotherapy Research",
  publisher = "Wiley Online Library",
  volume = 28,
  number = 4,
  keywords = "turmeric,Alzheimer's,curcumin",
  url = "http://onlinelibrary.wiley.com/doi/10.1002/ptr.5030/pdf"
}


@article{luque2014oxidative,
  author = "D. Luque-Contreras and K. Carvajal and D. Toral-Rios and D. Franco-Bocanegra and V. Campos-Pe\~na",
  title = "Oxidative stress and metabolic syndrome: cause or consequence of Alzheimer's disease?",
  year = 2014,
  journal = "Oxidative medicine and cellular longevity",
  publisher = "Hindawi Publishing Corporation",
  volume = 2014,
  keywords = "Alzheimer's,oxidative stress,inflammation,metabolic syndrome,ROS",
  url = "http://www.hindawi.com/journals/omcl/2014/497802/abs/"
}


@article{pan2014can,
  author = "W. Pan and A. J. Kastin",
  title = "Can sleep apnea cause Alzheimer's disease?",
  year = 2014,
  journal = "Neuroscience \& Biobehavioral Reviews",
  publisher = "Elsevier",
  volume = 47,
  keywords = "Alzheimer's",
  url = "http://www.sciencedirect.com/science/article/pii/S0149763414002711"
}


@article{drachman2014amyloid,
  author = "D. A. Drachman",
  title = "The amyloid hypothesis, time to move on: Amyloid is the downstream result, not cause, of Alzheimer's disease",
  year = 2014,
  journal = "Alzheimer's \& Dementia",
  publisher = "Elsevier",
  volume = 10,
  number = 3,
  keywords = "amyloid,Alzheimer's,microcirculation",
  url = "http://www.sciencedirect.com/science/article/pii/S1552526013029142"
}


@article{o2014postmenopausal,
  author = "J. O'Brien and J. W. Jackson and F. Grodstein and D. Blacker and J. Weuve",
  title = "Postmenopausal hormone therapy is not associated with risk of all-cause dementia and Alzheimer's disease",
  year = 2014,
  journal = "Epidemiologic reviews",
  publisher = "Soc Epidemiolc Res",
  volume = 36,
  number = 1,
  keywords = "dementia,Alzheimer's",
  url = "http://epirev.oxfordjournals.org/content/36/1/83.short"
}


@article{xu2014neurotrophic,
  author = "J. Xu and M. H. Lacoske and E. A. Theodorakis",
  title = "Neurotrophic natural products: chemistry and biology",
  year = 2014,
  journal = "Angewandte Chemie International Edition",
  publisher = "Wiley Online Library",
  volume = 53,
  number = 4,
  url = "http://onlinelibrary.wiley.com/doi/10.1002/anie.201302268/full"
}


@article{phan2014intrastrain,
  author = "C.-W. Phan and P. David and Y.-S. Tan and M. Naidu and K.-H. Wong and U. R. Kuppusamy and V. Sabaratnam",
  title = "Intrastrain Comparison of the Chemical Composition and Antioxidant Activity of an Edible Mushroom, Pleurotus giganteus, and Its Potent Neuritogenic Properties",
  year = 2014,
  journal = "The Scientific World Journal",
  publisher = "Hindawi Publishing Corporation",
  volume = 2014,
  keywords = "antioxidant,NGF",
  url = "http://www.hindawi.com/journals/tswj/2014/378651/abs/"
}


@article{phan2014therapeutic,
  author = "C.-W. Phan and P. David and M. Naidu and K.-H. Wong and V. Sabaratnam",
  title = "Therapeutic potential of culinary-medicinal mushrooms for the management of neurodegenerative diseases: diversity, metabolite, and mechanism",
  year = 2014,
  journal = "Critical reviews in biotechnology",
  publisher = "Informa Healthcare USA, Inc. New York",
  keywords = "mushrooms,Hericium,gdnf",
  url = "http://informahealthcare.com/doi/abs/10.3109/07388551.2014.887649"
}


@article{li2014evaluation,
  author = "I.-C. Li and Y.-L. Chen and L.-Y. Lee and W.-P. Chen and Y.-T. Tsai and C.-C. Chen and C.-S. Chen",
  title = "Evaluation of the toxicological safety of erinacine A-enriched Hericium erinaceus in a 28-day oral feeding study in Sprague--Dawley rats",
  year = 2014,
  journal = "Food and Chemical Toxicology",
  publisher = "Elsevier",
  volume = 70,
  keywords = "Hericium,toxicology",
  url = "http://www.sciencedirect.com/science/article/pii/S0278691514002221"
}


@article{feng2014new,
  author = "X.-L. Feng and Y. Yu and H. Gao and Z.-Q. Mu and X.-R. Cheng and W.-X. Zhou and X.-S. Yao",
  title = "New sesquiterpenoids from the rhizomes of Acorus tatarinowii",
  year = 2014,
  journal = "RSC Advances",
  publisher = "Royal Society of Chemistry",
  volume = 4,
  number = 79,
  keywords = "Acorus",
  url = "http://pubs.rsc.org/en/content/articlehtml/2014/ra/c4ra06481j"
}


@article{kanno2014yokukansan,
  author = "H. Kanno and Z. Kawakami and K. Mizoguchi and Y. Ikarashi and Y. Kase",
  title = "Yokukansan, a Kampo Medicine, Protects PC12 Cells from Glutamate-Induced Death by Augmenting Gene Expression of Cystine/Glutamate Antiporter System Xc-",
  year = 2014,
  journal = "PloS one",
  publisher = "Public Library of Science",
  volume = 9,
  number = 12,
  keywords = "yokukansan,kampo,in vitro",
  url = "http://dx.plos.org/10.1371/journal.pone.0116275"
}


@article{okamoto2014yokukan,
  author = "H. Okamoto and M. Iyo and K. Ueda and C. Han and Y. Hirasaki and T. Namiki",
  title = "Yokukan-san: a review of the evidence for use of this Kampo herbal formula in dementia and psychiatric conditions",
  year = 2014,
  journal = "Neuropsychiatric disease and treatment",
  publisher = "Dove Press",
  volume = 10,
  keywords = "review,kampo,dementia,yokukansan",
  url = "http://www.ncbi.nlm.nih.gov/pmc/articles/PMC4168872/"
}


@article{mizukami2014kampo,
  author = "K. Mizukami",
  title = "Kampo therapy and behavioral and psychological symptoms of dementia",
  year = 2014,
  journal = "Traditional \& Kampo Medicine",
  publisher = "Wiley Online Library",
  volume = 1,
  number = 2,
  keywords = "kampo,dementia,BPSD",
  url = "http://onlinelibrary.wiley.com/doi/10.1002/tkm2.1006/full"
}


@article{wilkinson2014test,
  author = "F. Wilkinson and D. R. Cundell",
  title = "From Test Tube to Clinical Trial; Promising Herbs with NF-KB and COX-2 Activity",
  year = 2014,
  journal = "Current Immunology Reviews",
  publisher = "Bentham Science Publishers",
  volume = 10,
  number = 2,
  keywords = "review,COX-2,inflammation",
  url = "http://www.ingentaconnect.com/content/ben/cir/2014/00000010/00000002/art00004"
}


@article{choi2014inhibition,
  author = "S.-H. Choi and S.-J. Kim",
  title = "Inhibition of inducible nitric oxide synthase and osteoclastic differentiation by Atractylodis Rhizoma Alba extract",
  year = 2014,
  journal = "Pharmacognosy magazine",
  publisher = "Medknow Publications",
  volume = 10,
  number = 3,
  url = "http://www.ncbi.nlm.nih.gov/pmc/articles/PMC4189263/"
}


@article{quyen2014study,
  author = "D. H. Quyen and T. T. H. Yen and V. T. Xuyen and D. M. Hiep and T. B. Nguyen",
  title = "Study on the ability of extracts from Cordyceps spp. biomass to prevent memory impairment in mice",
  year = 2014,
  journal = "TAP CHI SINH HOC",
  volume = 36,
  number = 1,
  keywords = "memory",
  url = "http://www.vjs.ac.vn/index.php/vjbio/article/view/4396"
}


@article{liu2014history,
  author = "P. Liu and M. Kong and S. Yuan and J. Liu and P. Wang",
  title = "History and experience: a survey of traditional chinese medicine treatment for Alzheimer's disease",
  year = 2014,
  journal = "Evidence-Based Complementary and Alternative Medicine",
  publisher = "Hindawi Publishing Corporation",
  volume = 2014,
  keywords = "Alzheimer's,history,Chinese",
  url = "http://www.hindawi.com/journals/ecam/aip/642128/"
}


@article{patel2014ganoderma,
  author = "Z. Patel and M. Soni",
  title = "Ganoderma lucidum: A midas touch to human health",
  year = 2014,
  journal = "Indian Journal of Health and Wellbeing",
  publisher = "Indian Association of Health, Research and Welfare",
  volume = 5,
  number = 1,
  keywords = "ganoderma"
}


@article{peng2014four,
  author = "X.-R. Peng and J.-Q. Liu and L.-S. Wan and X.-N. Li and Y.-X. Yan and M.-H. Qiu",
  title = "Four new polycyclic meroterpenoids from Ganoderma cochlear",
  year = 2014,
  journal = "Organic letters",
  publisher = "ACS Publications",
  volume = 16,
  number = 20,
  keywords = "ganoderma"
}


@article{cor2014two,
  author = "D. Cör and T. Boti\'c and Z. Knez and U. Batista and A. Gregori and F. Pohleven and T. Boncina",
  title = "Two-stage extraction of antitumor, antioxidant and antiacetylcholinesterase compounds from Ganoderma lucidum fruiting body",
  year = 2014,
  journal = "The Journal of Supercritical Fluids",
  publisher = "Elsevier",
  volume = 91,
  keywords = "antioxidant,ganoderma"
}


@article{weon2014cognitive,
  author = "J. B. Weon and B.-R. Yun and J. Lee and M. R. Eom and H.-J. Ko and H. Y. Lee and D.-S. Park and H.-C. Chung and J. Y. Chung and C. J. Ma",
  title = "Cognitive-Enhancing Effect of Steamed and Fermented Codonopsis lanceolata: A Behavioral and Biochemical Study",
  year = 2014,
  journal = "Evidence-Based Complementary and Alternative Medicine",
  publisher = "Hindawi Publishing Corporation",
  volume = 2014,
  keywords = "Codonopsis"
}


@article{phan2014hericium,
  author = "C.-W. Phan and G.-S. Lee and S.-L. Hong and Y.-T. Wong and R. Brkljaca and S. Urban and S. N. A. Malek and V. Sabaratnam",
  title = "Hericium erinaceus (Bull.: Fr) Pers. cultivated under tropical conditions: isolation of hericenones and demonstration of NGF-mediated neurite outgrowth in PC12 cells via MEK/ERK and PI3K-Akt signaling pathways",
  year = 2014,
  journal = "Food \& function",
  publisher = "Royal Society of Chemistry",
  keywords = "Hericium",
  url = "http://pubs.rsc.org/en/content/articlepdf/2014/fo/c4fo00452c"
}


@article{jo2014tendency,
  author = "H.-G. Jo and others",
  title = "Tendency of Korean Herbal Medicine Prescriptions Used for Dementia in Korean Experimental Researches- Mainly about Domestic Dissertations for a Degree-",
  year = 2014,
  journal = "The Society of Korean Medicine Rehabilitation",
  publisher = "Medrang Co., Ltd.",
  volume = 24,
  number = 4,
  keywords = "Korean,dementia",
  url = "http://www.e-jkmr.org/journal/view.html?uid=121&&vmd=Full"
}


@article{lovheim2014reactivated,
  author = "H. Lövheim and J. Gilthorpe and R. Adolfsson and L.-G. Nilsson and F. Elgh",
  title = "Reactivated herpes simplex infection increases the risk of Alzheimer's disease",
  year = 2014,
  journal = "Alzheimer's \& Dementia",
  publisher = "Elsevier",
  keywords = "Alzheimer's,infection",
  url = "http://www.sciencedirect.com/science/article/pii/S1552526014024212"
}


@article{yuce2014essential,
  author = "E. Yuce and N. Yildirim and N. Yildirim and M. Paksoy and E. Bagci",
  title = "Essential Oil Composition, Antioxidant and Antifungal Activities of Salvia sclarea L. from Munzur Valley in Tunceli, Turkey",
  year = 2014,
  journal = "Cellular and molecular biology (Noisy-le-Grand, France)",
  volume = 60,
  number = 2,
  keywords = "antioxidant,antifungal,salvia",
  url = "http://www.ncbi.nlm.nih.gov/pubmed/24929006"
}


@article{watari2014new,
  author = "H. Watari and Y. Shimada and C. Tohda",
  title = "New Treatment for Alzheimer’s Disease, Kamikihito, Reverses Amyloid--Induced Progression of Tau Phosphorylation and Axonal Atrophy",
  year = 2014,
  journal = "Evidence-Based Complementary and Alternative Medicine",
  publisher = "Hindawi Publishing Corporation",
  volume = 2014,
  keywords = "Alzheimer's,amyloid,kampo,Kamikihito,atrophy,axon,tau",
  url = "http://www.hindawi.com/journals/ecam/2014/706487/"
}


@article{sachdeva2014naringin,
  author = "A. K. Sachdeva and A. Kuhad and K. Chopra",
  title = "Naringin ameliorates memory deficits in experimental paradigm of Alzheimer's disease by attenuating mitochondrial dysfunction",
  year = 2014,
  journal = "Pharmacology Biochemistry and Behavior",
  publisher = "Elsevier",
  volume = 127,
  keywords = "memory,Alzheimer's,Citrus,flavonoid",
  url = "http://www.sciencedirect.com/science/article/pii/S0091305714002950"
}


@article{nakajima2014anti,
  author = "A. Nakajima and Y. Ohizumi and K. Yamada",
  title = "Anti-dementia Activity of Nobiletin, a Citrus Flavonoid: A Review of Animal Studies",
  year = 2014,
  journal = "Clinical Psychopharmacology and Neuroscience",
  volume = 12,
  number = 2,
  keywords = "review,dementia,Alzheimer's,Citrus,flavonoid",
  url = "http://www.ncbi.nlm.nih.gov/pmc/articles/PMC4153867/"
}


@article{ho2014hesperidin,
  author = "S.-C. Ho and C.-T. Kuo",
  title = "Hesperidin, nobiletin, and tangeretin are collectively responsible for the anti-neuroinflammatory capacity of tangerine peel (Citri reticulatae pericarpium)",
  year = 2014,
  journal = "Food and Chemical Toxicology",
  publisher = "Elsevier",
  volume = 71,
  keywords = "Fumanjian,Di-tan,flavonoid,Citrus,neuroinflammation,in vitro",
  url = "http://www.sciencedirect.com/science/article/pii/S0278691514002890"
}


@article{hu2014fumanjian,
  author = "H.-y. Hu and Z.-h. Cui and H.-q. Li and Y.-r. Wang and X. Chen and J.-h. Li and D.-m. Xv and G.-q. Zheng",
  title = "Fumanjian, a Classic Chinese Herbal Formula, Can Ameliorate the Impairment of Spatial Learning and Memory through Apoptotic Signaling Pathway in the Hippocampus of Rats with A$\beta$ 1--40-Induced Alzheimer’s Disease",
  year = 2014,
  journal = "Evidence-Based Complementary and Alternative Medicine",
  publisher = "Hindawi Publishing Corporation",
  volume = 2014,
  keywords = "memory,Alzheimer's,Fumanjian",
  url = "http://www.hindawi.com/journals/ecam/2014/942917/"
}


@article{pan2014shen,
  author = "W. Pan and Q. Wang and S. Kwak and Y. Song and B. Qin and M. Wang and Y. Yamamoto",
  title = "Shen-Zhi-Ling Oral Liquid Improves Behavioral and Psychological Symptoms of Dementia in Alzheimer’s Disease",
  year = 2014,
  journal = "Evidence-Based Complementary and Alternative Medicine",
  publisher = "Hindawi Publishing Corporation",
  volume = 2014,
  keywords = "Poria,Shen-Zhi-Ling,TCM,RCT,Alzheimer's,dementia",
  url = "http://www.hindawi.com/journals/ecam/2014/913687/abs/"
}


@article{zorofchian2014review,
  author = "S. Z. Moghadamtousi and H. A. Kadir and P. Hassandarvish and H. Tajik and S. Abubakar and K. Zandi",
  title = "A review on antibacterial, antiviral, and antifungal activity of curcumin",
  year = 2014,
  journal = "BioMed research international",
  publisher = "Hindawi Publishing Corporation",
  volume = 2014,
  keywords = "curcumin,antifungal,review",
  url = "http://www.hindawi.com/journals/bmri/2014/186864/"
}


@article{su2014treatment,
  author = "Y. Su and Q. Wang and C. Wang and K. Chan and Y. Sun and H. Kuang",
  title = "The treatment of Alzheimer's disease using Chinese medicinal plants: from disease models to potential clinical applications",
  year = 2014,
  journal = "Journal of ethnopharmacology",
  publisher = "Elsevier",
  volume = 152,
  number = 3,
  keywords = "TCM,Alzheimer's,review,Chinese",
  url = "http://www.sciencedirect.com/science/article/pii/S0378874114000038"
}


@article{wong2014hericium,
  author = "K.-H. Wong and G. Kanagasabapathy and M. Naidu and P. David and V. Sabaratnam",
  title = "Hericium erinaceus (Bull.: Fr.) Pers., a medicinal mushroom, activates peripheral nerve regeneration",
  year = 2014,
  journal = "Chinese journal of integrative medicine",
  publisher = "Springer",
  keywords = "Hericium,animal model,peripheral nerve regeneration",
  url = "http://link.springer.com/article/10.1007/s11655-014-1624-2"
}


@article{kim2014comprehensive,
  author = "Y. O. Kim and S. W. Lee and J. S. Kim",
  title = "A comprehensive review of the therapeutic effects of Hericium erinaceus in neurodegenerative disease",
  year = 2014,
  journal = "한국버섯학회지",
  publisher = "한국버섯학회",
  volume = 12,
  number = 2,
  keywords = "Hericium,neurodegeneration,review",
  url = "http://www.earticle.net/Article.aspx?sn=220456"
}


@article{brondino2014curcumin,
  author = "N. Brondino and S. Re and A. Boldrini and A. Cuccomarino and N. Lanati and F. Barale and P. Politi",
  title = "Curcumin as a therapeutic agent in dementia: a mini systematic review of human studies",
  year = 2014,
  journal = "The Scientific World Journal",
  publisher = "Hindawi Publishing Corporation",
  volume = 2014,
  keywords = "curcumin,Alzheimer's,review",
  url = "http://www.hindawi.com/journals/tswj/2014/174282/"
}


@article{chen2013comparative,
  author = "J. Chen and X. Yan and K. T. Kim and S. H. Kim and E.-S. Lee and Y. K. Lee and C. G. Son and E. H. Lee and Y. K. Park and C. W. Cho and others",
  title = "Comparative pharmacokinetics of berberine after oral administration of pure berberine, coptidis rhizoma extract, and decoctions of two different complex herbal formulas to rats",
  year = 2013,
  journal = "Bull Korean Chem Soc",
  volume = 35,
  keywords = "pharmacokinetics",
  url = "http://www.journal.kcsnet.or.kr/main/j_search/m_j_download.htm?code=B130549"
}


@article{yu2013berberine,
  author = "W. Yu and M. Sheng and R. Xu and J. Yu and K. Cui and J. Tong and L. Shi and H. Ren and H. Du",
  title = "Berberine protects human renal proximal tubular cells from hypoxia/reoxygenation injury via inhibiting endoplasmic reticulum and mitochondrial stress pathways",
  year = 2013,
  journal = "J Transl Med",
  volume = 11,
  number = 11,
  url = "http://www.biomedcentral.com/content/pdf/1479-5876-11-24.pdf"
}


@article{wang2013berberine,
  author = "L. Wang and H. Cao and N. Lu and L. Liu and B. Wang and T. Hu and D. A. Israel and R. M. P. Jr and D. B. Polk and F. Yan",
  title = "Berberine inhibits proliferation and down-regulates epidermal growth factor receptor through activation of Cbl in colon tumor cells",
  year = 2013,
  journal = "PloS one",
  publisher = "Public Library of Science",
  volume = 8,
  number = 2,
  url = "http://dx.plos.org/10.1371/journal.pone.0056666"
}


@article{refaat2013berberine,
  author = "A. Refaat and S. Abdelhamed and H. Yagita and H. Inoue and S. Yokoyama and Y. Hayakawa and I. Saiki",
  title = "Berberine enhances tumor necrosis factor-related apoptosis-inducing ligand-mediated apoptosis in breast cancer",
  year = 2013,
  journal = "Oncology letters",
  publisher = "Spandidos Publications",
  volume = 6,
  number = 3,
  keywords = "apoptosis,cancer",
  url = "http://www.spandidos-publications.com/ol/6/3/840?text=fulltext"
}


@article{kumar2013medicinal,
  author = "A. KUMAR",
  title = "Medicinal properties of Acorus calamus",
  year = 2013,
  journal = "Journal of Drug Delivery and Therapeutics",
  volume = 3,
  number = 3,
  keywords = "Acorus,calamus",
  url = "http://www.jddtonline.info/index.php/jddt/article/view/528"
}


@article{han2013antidepressant,
  author = "P. Han and T. Han and W. Peng and X.-R. Wang",
  title = "Antidepressant-like effects of essential oil and asarone, a major essential oil component from the rhizome of Acorus tatarinowii",
  year = 2013,
  journal = "Pharmaceutical biology",
  publisher = "Taylor \& Francis",
  volume = 51,
  number = 5,
  keywords = "Acorus",
  url = "http://www.tandfonline.com/doi/abs/10.3109/13880209.2012.751616"
}


@article{rajput2013anti,
  author = "S. B. Rajput and R. B. Shinde and M. M. Routh and S. M. Karuppayil",
  title = "Anti-Candida properties of asaronaldehyde of Acorus gramineus rhizome and three structural isomers",
  year = 2013,
  journal = "Chinese medicine",
  publisher = "BioMed Central",
  volume = 8,
  number = 1,
  keywords = "Acorus",
  url = "http://www.biomedcentral.com/content/pdf/1749-8546-8-18.pdf"
}


@article{rajput2013beta,
  author = "S. B. Rajput and S. M. Karuppayil",
  title = "$\beta$-Asarone, an active principle of Acorus calamus rhizome, inhibits morphogenesis, biofilm formation and ergosterol biosynthesis in Candida albicans",
  year = 2013,
  journal = "Phytomedicine",
  publisher = "Elsevier",
  volume = 20,
  number = 2,
  keywords = "Acorus,calamus,candida,antifungal",
  url = "http://www.sciencedirect.com/science/article/pii/S0944711312003650"
}


@article{wen2013research,
  author = "W. E. N. Wei and L. I. U. Xue-wei and L. I. Fu-dong and S.-m. HUANG and B. A. I. Yun and M. ZHOU and S. U. N. Yang",
  title = "Research Progress of Kaixinsan for Anti-senile Dementia",
  year = 2013,
  journal = "Information on Traditional Chinese Medicine",
  volume = 4,
  keywords = "dementia",
  url = "http://en.cnki.com.cn/Article_en/CJFDTOTAL-ZYXN201304059.htm"
}


@article{ball2013intracerebral,
  author = "M. J. Ball and W. J. Lukiw and E. M. Kammerman and J. M. Hill",
  title = "Intracerebral propagation of Alzheimer’s disease: strengthening evidence of a herpes simplex virus etiology",
  year = 2013,
  journal = "Alzheimer's \& Dementia",
  publisher = "Elsevier",
  volume = 9,
  number = 2,
  keywords = "Alzheimer's",
  url = "http://www.sciencedirect.com/science/article/pii/S155252601202420X"
}


@article{jiang2013epidemiology,
  author = "T. Jiang and J.-T. Yu and Y. Tian and L. Tan",
  title = "Epidemiology and etiology of Alzheimer’s disease: from genetic to non-genetic factors",
  year = 2013,
  journal = "Current Alzheimer Research",
  publisher = "Bentham Science Publishers",
  volume = 10,
  number = 8,
  keywords = "Alzheimer's,genetics",
  url = "http://www.ingentaconnect.com/content/ben/car/2013/00000010/00000008/art00008"
}


@article{erickson2013blood,
  author = "M. A. Erickson and W. A. Banks",
  title = "Blood--brain barrier dysfunction as a cause and consequence of Alzheimer’s disease",
  year = 2013,
  journal = "Journal of Cerebral Blood Flow \& Metabolism",
  publisher = "Nature Publishing Group",
  volume = 33,
  number = 10,
  keywords = "Alzheimer's",
  url = "http://www.nature.com/jcbfm/journal/v33/n10/abs/jcbfm2013135a.html"
}


@article{mawanda2013can,
  author = "F. Mawanda and R. Wallace",
  title = "Can infections cause Alzheimer's disease?",
  year = 2013,
  journal = "Epidemiologic reviews",
  publisher = "Soc Epidemiolc Res",
  volume = 35,
  number = 1,
  keywords = "Alzheimer's,infection",
  url = "http://epirev.oxfordjournals.org/content/35/1/161.short"
}


@article{klein2013synaptotoxic,
  author = "W. L. Klein",
  title = "Synaptotoxic amyloid- b oligomers: a molecular basis for the cause, diagnosis, and treatment of Alzheimer’s disease",
  year = 2013,
  journal = "J. Alzheimers Dis",
  volume = 33,
  keywords = "Alzheimer's",
  url = "https://books.google.com/books?hl=en&lr=&id=Hbrlemv53iEC&oi=fnd&pg=PA49&dq=alzheimer%27s+cause&ots=ObHfOlv34v&sig=Kls2dCPuGpUn11hnLjZHDjSfz-U"
}


@article{alonso2013fungal,
  author = "R. Alonso and D. Pisa and A. I. Marina and E. Morato and A. R\'abano and L. Carrasco",
  title = "Fungal infection in patients with Alzheimer's disease.",
  year = 2013,
  journal = "Journal of Alzheimer's disease: JAD",
  volume = 41,
  number = 1,
  keywords = "Alzheimer's,fungal infection",
  url = "http://europepmc.org/abstract/med/24614898"
}


@article{sun2013traditional,
  author = "Z.-K. Sun and H.-Q. Yang and S.-D. Chen",
  title = "Traditional Chinese medicine: a promising candidate for the treatment of Alzheimer’s",
  year = 2013,
  keywords = "Alzheimer's",
  url = "http://www.biomedcentral.com/content/pdf/2047-9158-2-6.pdf"
}


@article{spejo2013neuroprotective,
  author = "A. Spejo and J. Carvalho and A. Goes and A. Oliveira",
  title = "Neuroprotective effects of mesenchymal stem cells on spinal motoneurons following ventral root axotomy: synapse stability and axonal regeneration",
  year = 2013,
  journal = "Neuroscience",
  publisher = "Elsevier",
  volume = 250,
  keywords = "neuroprotective",
  url = "http://www.sciencedirect.com/science/article/pii/S0306452213006258"
}


@article{gurunathan2013green,
  author = "S. Gurunathan and J. Raman and S. N. A. Malek and P. A. John and S. Vikineswary",
  title = "Green synthesis of silver nanoparticles using Ganoderma neo-japonicum Imazeki: a potential cytotoxic agent against breast cancer cells",
  year = 2013,
  journal = "International journal of nanomedicine",
  publisher = "Dove Press",
  volume = 8,
  keywords = "ganoderma,cytotoxic,cancer",
  url = "http://www.ncbi.nlm.nih.gov/pmc/articles/PMC3833323/"
}


@article{bennett2013vitamin,
  author = "L. Bennett and C. Kersaitis and S. L. Macaulay and G. Münch and G. Niedermayer and J. Nigro and M. Payne and P. Sheean and P. Vallotton and D. Zabaras and others",
  title = "Vitamin D2-enriched button mushroom (Agaricus bisporus) improves memory in both wild type and APPswe/PS1dE9 transgenic mice",
  year = 2013,
  journal = "PloS one",
  publisher = "Public Library of Science",
  volume = 8,
  number = 10,
  keywords = "memory,Agaricus",
  url = "http://dx.plos.org/10.1371/journal.pone.0076362"
}


@article{lai2013neurotrophic,
  author = "P.-L. Lai and M. Naidu and V. Sabaratnam and K.-H. Wong and R. P. David and U. R. Kuppusamy and N. Abdullah and S. N. A. Malek",
  title = "Neurotrophic properties of the Lion's mane medicinal mushroom, Hericium erinaceus (Higher Basidiomycetes) from Malaysia",
  year = 2013,
  journal = "International journal of medicinal mushrooms",
  publisher = "Begel House Inc.",
  volume = 15,
  number = 6,
  keywords = "Hericium,NGF,gdnf",
  url = "http://www.dl.begellhouse.com/journals/708ae68d64b17c52,034eeb045436a171,750a15ad12ae25e9.html"
}


@article{vijayapandia2013vitro,
  author = "P. Vijayapandia and V. Annabathina and B. SivaNagaSrikanth and V. Manjunath and P. Boggavarapu and K. Rajendraprasad and C. Kumarappan and others",
  title = "In vitro anticholinergic and antihistaminic activities of Acorus calamus Linn. leaves extracts",
  year = 2013,
  journal = "African Journal of Traditional, Complementary and Alternative Medicines",
  publisher = "African Ethnomedicines Network (Nigeria)",
  volume = 10,
  number = 1,
  keywords = "Acorus,calamus,AChE",
  url = "http://www.ajol.info/index.php/ajtcam/article/view/81983"
}


@article{sundaramahalingam2013role,
  author = "M. Sundaramahalingam and S. Ramasundaram and S. D. Rathinasamy and R. P. Natarajan and T. Somasundaram",
  title = "Role of Acorus calamus and [alpha]-asarone on Hippocampal Dependent Memory in Noise Stress Exposed Rats",
  year = 2013,
  journal = "Pakistan Journal of Biological Sciences",
  publisher = "Asian Network for Scientific Information (ANSINET)",
  volume = 16,
  number = 16,
  keywords = "Acorus,calamus,memory,animal model",
  url = "http://search.proquest.com/openview/62b396d13cac3ed1d357b7660821f75f/1?pq-origsite=gscholar"
}


@article{matsumoto2013kampo,
  author = "K. Matsumoto and Q. Zhao and Y. Niu and H. Fujiwara and K. Tanaka and S. Sasaki-Hamada and J.-I. Oka",
  title = "Kampo formulations, chotosan, and yokukansan, for dementia therapy: existing clinical and preclinical evidence",
  year = 2013,
  journal = "Journal of pharmacological sciences",
  publisher = "The Japanese Pharmacological Society",
  volume = 122,
  number = 4,
  keywords = "kampo,yokukansan,dementia",
  url = "http://jlc.jst.go.jp/DN/JALC/10022461369?from=Google"
}


@article{tanaka2013potential,
  author = "Y. Tanaka and T. Sakiyama",
  title = "Potential Usefulness of the Kampo Medicine Yokukansan, Containing Uncaria Hook, for Paediatric Emotional and Behavioural Disorders: A Case Series",
  year = 2013,
  journal = "Evidence-Based Complementary and Alternative Medicine",
  publisher = "Hindawi Publishing Corporation",
  volume = 2013,
  keywords = "kampo,yokukansan,Uncaria",
  url = "http://www.hindawi.com/journals/ecam/2013/502726/abs/"
}


@article{niitsu2013behavioural,
  author = "T. Niitsu and H. Okamoto and M. Iyo",
  title = "Behavioural and psychological symptoms of dementia in an Alzheimer's disease case successfully treated with natural medicine: association with gonadotropins",
  year = 2013,
  journal = "Psychogeriatrics",
  publisher = "Wiley Online Library",
  volume = 13,
  number = 2,
  keywords = "dementia,Alzheimer's",
  url = "http://onlinelibrary.wiley.com/doi/10.1111/psyg.12010/full"
}


@article{okamoto2013orengedoku,
  author = "H. Okamoto and A. Chino and Y. Hirasaki and K. Ueda and M. Iyo and T. Namiki",
  title = "Orengedoku-to augmentation in cases showing partial response to yokukan-san treatment: a case report and literature review of the evidence for use of these Kampo herbal formulae",
  year = 2013,
  journal = "Neuropsychiatric disease and treatment",
  publisher = "Dove Press",
  volume = 9,
  keywords = "review,kampo,yokukansan",
  url = "http://www.ncbi.nlm.nih.gov/pmc/articles/PMC3554226/"
}


@article{zhao2013urinary,
  author = "Y.-Y. Zhao and H.-T. Li and Y.-L. Feng and X. Bai and R.-C. Lin",
  title = "Urinary metabonomic study of the surface layer of Poria cocos as an effective treatment for chronic renal injury in rats",
  year = 2013,
  journal = "Journal of ethnopharmacology",
  publisher = "Elsevier",
  volume = 148,
  number = 2,
  keywords = "Poria,nephrotoxicity",
  url = "http://www.sciencedirect.com/science/article/pii/S0378874113002717"
}


@article{gao2013research,
  author = "J. Gao and Y. Inagaki and X. Li and N. Kokudo and W. Tang",
  title = "Research progress on natural products from traditional Chinese medicine in treatment of Alzheimer's disease",
  year = 2013,
  journal = "Drug discoveries \& therapeutics",
  publisher = "International Research and Cooperation Association for Bio \& Socio-Sciences Advancement",
  volume = 7,
  number = 2,
  keywords = "Alzheimer's,review,TCM,natural products",
  url = "http://jlc.jst.go.jp/DN/JALC/10036202934?from=Google"
}


@article{matsuda2013yokukansan,
  author = "Y. Matsuda and T. Kishi and H. Shibayama and N. Iwata",
  title = "Yokukansan in the treatment of behavioral and psychological symptoms of dementia: a systematic review and meta-analysis of randomized controlled trials",
  year = 2013,
  journal = "Human Psychopharmacology: Clinical and Experimental",
  publisher = "Wiley Online Library",
  volume = 28,
  number = 1,
  keywords = "yokukansan,dementia,review",
  url = "http://onlinelibrary.wiley.com/doi/10.1002/hup.2286/pdf"
}


@article{sabaratnam2013neuronal,
  author = "V. Sabaratnam and W. Kah-Hui and M. Naidu and P. R. David",
  title = "Neuronal Health--Can Culinary and Medicinal Mushrooms Help?",
  year = 2013,
  journal = "Journal of traditional and complementary medicine",
  publisher = "Medknow Publications",
  volume = 3,
  number = 1,
  keywords = "Alzheimer's,mushrooms",
  url = "http://www.ncbi.nlm.nih.gov/pmc/articles/PMC3924982/"
}


@article{lai2013isolation,
  author = "P. K.-K. Lai and J. Y.-W. Chan and L. Cheng and C.-P. Lau and S. Q.-B. Han and P.-C. Leung and K.-P. Fung and C. B.-S. Lau",
  title = "Isolation of Anti-Inflammatory Fractions and Compounds from the Root of Astragalus membranaceus",
  year = 2013,
  journal = "Phytotherapy Research",
  publisher = "Wiley Online Library",
  volume = 27,
  number = 4,
  url = "http://onlinelibrary.wiley.com/doi/10.1002/ptr.4759/full"
}


@article{yao2013effect,
  author = "Z.-G. Yao and L. Zhang and L. Liang and Y. Liu and Y.-J. Yang and L. Huang and H. Zhu and C.-M. Ma and C. Qin",
  title = "The effect of PN-1, a traditional chinese prescription, on the learning and memory in a transgenic mouse model of Alzheimer’s disease",
  year = 2013,
  journal = "Evidence-Based Complementary and Alternative Medicine",
  publisher = "Hindawi Publishing Corporation",
  volume = 2013,
  keywords = "memory,Alzheimer's",
  url = "http://www.hindawi.com/journals/ecam/2013/518421/abs/"
}


@article{reis2013methanolic,
  author = "F. S. Reis and L. Barros and R. C. Calhelha and A. \'Ciri\'c and L. J. V. Griensven and M. Sokovi\'c and I. C. Ferreira",
  title = "The methanolic extract of Cordyceps militaris (L.) Link fruiting body shows antioxidant, antibacterial, antifungal and antihuman tumor cell lines properties",
  year = 2013,
  journal = "Food and Chemical Toxicology",
  publisher = "Elsevier",
  volume = 62,
  keywords = "Cordyceps,antioxidant,antifungal",
  url = "http://www.sciencedirect.com/science/article/pii/S0278691513005796"
}


@article{weon2013effect,
  author = "J. B. Weon and B.-R. Yun and J. Lee and M. R. Eom and H.-J. Ko and J. S. Kim and H. Y. Lee and D.-S. Park and H.-C. Chung and J. Y. Chung and others",
  title = "Effect of Codonopsis lanceolata with steamed and fermented process on scopolamine-induced memory impairment in mice",
  year = 2013,
  journal = "Biomolecules \& therapeutics",
  publisher = "Korean Society of Applied Pharmacology",
  volume = 21,
  number = 5,
  keywords = "Codonopsis,memory"
}


@article{weon2013ameliorating,
  author = "J. B. Weon and B.-R. Yun and J. Lee and M. R. Eom and J. S. Kim and H. Y. Lee and D.-S. Park and H.-C. Chung and J. Y. Chung and C. J. Ma",
  title = "The ameliorating effect of steamed and fermented Codonopsis lanceolata on scopolamine-induced memory impairment in mice",
  year = 2013,
  journal = "Evidence-Based Complementary and Alternative Medicine",
  publisher = "Hindawi Publishing Corporation",
  volume = 2013,
  keywords = "Codonopsis,memory"
}


@article{shang2013vitro,
  author = "X. Shang and Q. Tan and R. Liu and K. Yu and P. Li and G.-P. Zhao",
  title = "In vitro anti-Helicobacter pylori effects of medicinal mushroom extracts, with special emphasis on the Lion's Mane mushroom, Hericium erinaceus (higher Basidiomycetes)",
  year = 2013,
  journal = "International journal of medicinal mushrooms",
  publisher = "Begel House Inc.",
  volume = 15,
  number = 2,
  keywords = "Hericium",
  url = "http://www.dl.begellhouse.com/journals/708ae68d64b17c52,72e9ed69099c0eef,38819de325d881b2.html"
}


@article{seki2013nobiletin,
  author = "T. Seki and T. Kamiya and M. Azumi and S. Ishizuka and K. Furukawa and T. Yamakuni and K. Meguro",
  title = "Nobiletin-rich Citrus reticulata peels for Alzheimer's disease",
  year = 2013,
  journal = "Alzheimer's \& Dementia: The Journal of the Alzheimer's Association",
  volume = 4,
  number = 9,
  keywords = "Citrus,Alzheimer's"
}


@article{ikeda2013suppressive,
  author = "A. Ikeda and K. Nemoto and C. Yoshida and S. Miyata and J. Mori and S. Soejima and A. Yokosuka and Y. Mimaki and Y. Ohizumi and M. Degawa",
  title = "Suppressive effect of nobiletin, a citrus polymethoxyflavonoid that downregulates thioredoxin-interacting protein expression, on tunicamycin-induced apoptosis in SK-N-SH human neuroblastoma cells",
  year = 2013,
  journal = "Neuroscience letters",
  publisher = "Elsevier",
  volume = 549,
  keywords = "Citrus,apoptosis"
}


@article{zhu2013kai,
  author = "K. Y. Zhu and S. L. Xu and R. C.-Y. Choi and A. L. Yan and T. T.-X. Dong and K. W.-K. Tsim",
  title = "Kai-xin-san, a chinese herbal decoction containing ginseng radix et rhizoma, polygalae radix, acori tatarinowii rhizoma, and poria, stimulates the expression and secretion of neurotrophic factors in cultured astrocytes",
  year = 2013,
  journal = "Evidence-based Complementary and Alternative Medicine",
  publisher = "Hindawi Publishing Corporation",
  volume = 2013,
  keywords = "Poria,in vitro,Chinese,history",
  url = "http://www.hindawi.com/journals/ecam/2013/731385/"
}


@article{diwu2013effect,
  author = "Y.-c. DIWU and J.-z. TIAN and S. H. I. Jing",
  title = "Effect of Xixin Decoction on O-GlcNAc glycosylation of tau proteins in rat brain with sporadic Alzheimer's disease",
  year = 2013,
  journal = "Chinese Traditional Patent Medicine",
  volume = 8,
  keywords = "Alzheimer's,tau",
  url = "http://en.cnki.com.cn/Article_en/CJFDTOTAL-ZCYA201308008.htm"
}


@article{seki2013nobiletin,
  author = "T. Seki and T. Kamiya and K. Furukawa and M. Azumi and S. Ishizuka and S. Takayama and S. Nagase and H. Arai and T. Yamakuni and N. Yaegashi",
  title = "Nobiletin-rich Citrus reticulata peels, a kampo medicine for Alzheimer's disease: A case series",
  year = 2013,
  journal = "Geriatrics \& gerontology international",
  publisher = "Wiley Online Library",
  volume = 13,
  number = 1,
  keywords = "kampo,Alzheimer's,Citrus,flavonoid",
  url = "http://onlinelibrary.wiley.com/doi/10.1111/j.1447-0594.2012.00892.x/abstract"
}


@article{zhang2013anti,
  author = "L. Zhang and A. S. Ravipati and S. R. Koyyalamudi and S. C. Jeong and N. Reddy and J. Bartlett and P. T. Smith and M. de l. Cruz and M. C. Monteiro and \. Melguizo and others",
  title = "Anti-fungal and anti-bacterial activities of ethanol extracts of selected traditional Chinese medicinal herbs",
  year = 2013,
  journal = "Asian Pacific journal of tropical medicine",
  publisher = "Elsevier",
  volume = 6,
  number = 9,
  keywords = "Poria,antifungal"
}


@article{hill2013triterpenoids,
  author = "R. A. Hill and J. D. Connolly",
  title = "Triterpenoids",
  year = 2013,
  journal = "Natural product reports",
  publisher = "Royal Society of Chemistry",
  volume = 30,
  number = 7,
  keywords = "Poria,antifungal,triterpenoids"
}


@article{vattem2013dietary,
  author = "D. Vattem and C. Lester and R. DeLeon and B. Jamison and V. Maitin",
  title = "Dietary supplementation with two Lamiaceae herbs-(oregano and sage) modulates innate immunity parameters in Lumbricus terrestris",
  year = 2013,
  journal = "Pharmacognosy research",
  publisher = "Medknow Publications",
  volume = 5,
  number = 1,
  keywords = "oregano,sage,innate immunity",
  url = "http://www.ncbi.nlm.nih.gov/pmc/articles/PMC3579013/"
}


@article{li2012anti,
  author = "J. Li and K.-W. Zeng and S.-P. Shi and Y. Jiang and P.-F. Tu",
  title = "Anti-neuroinflammatory constituents from Polygala tricornis Gagnep",
  year = 2012,
  journal = "Fitoterapia",
  publisher = "Elsevier",
  volume = 83,
  number = 5,
  keywords = "Polygala",
  url = "http://www.sciencedirect.com/science/article/pii/S0367326X12000913"
}


@article{zhao2012sustained,
  author = "H.-L. Zhao and Y. Sui and C.-F. Qiao and K. Y. Yip and R. K. Leung and S. K. Tsui and H.-M. Lee and H. K. Wong and X. Zhu and J. J. Siu and others",
  title = "Sustained antidiabetic effects of a berberine-containing Chinese herbal medicine through regulation of hepatic gene expression",
  year = 2012,
  journal = "Diabetes",
  publisher = "Am Diabetes Assoc",
  volume = 61,
  number = 4,
  keywords = "Chinese,regulation",
  url = "http://diabetes.diabetesjournals.org/content/61/4/933.short"
}


@article{wu2012berberine,
  author = "K. Wu and Q. Yang and Y. Mu and L. Zhou and Y. Liu and Q. Zhou and B. He",
  title = "Berberine inhibits the proliferation of colon cancer cells by inactivating Wnt/$\beta$-catenin signaling",
  year = 2012,
  journal = "International journal of oncology",
  publisher = "Spandidos Publications",
  volume = 41,
  number = 1,
  keywords = "berberine,cancer",
  url = "http://www.spandidos-publications.com/ijo/41/1/292"
}


@article{durairajan2012berberine,
  author = "S. S. K. Durairajan and L.-F. Liu and J.-H. Lu and L.-L. Chen and Q. Yuan and S. K. Chung and L. Huang and X.-S. Li and J.-D. Huang and M. Li",
  title = "Berberine ameliorates $\beta$-amyloid pathology, gliosis, and cognitive impairment in an Alzheimer's disease transgenic mouse model",
  year = 2012,
  journal = "Neurobiology of aging",
  publisher = "Elsevier",
  volume = 33,
  number = 12,
  keywords = "Alzheimer's",
  url = "http://www.sciencedirect.com/science/article/pii/S0197458012001613"
}


@article{yan2012berberine,
  author = "F. Yan and L. Wang and Y. Shi and H. Cao and L. Liu and M. K. Washington and R. Chaturvedi and D. A. Israel and H. Cao and B. Wang and others",
  title = "Berberine promotes recovery of colitis and inhibits inflammatory responses in colonic macrophages and epithelial cells in DSS-treated mice",
  year = 2012,
  journal = "American Journal of Physiology-Gastrointestinal and Liver Physiology",
  publisher = "Am Physiological Soc",
  volume = 302,
  number = 5,
  url = "http://ajpgi.physiology.org/content/302/5/G504.short"
}


@article{guo2012repeated,
  author = "Y. Guo and Y. Chen and Z.-r. Tan and C. D. Klaassen and H.-h. Zhou",
  title = "Repeated administration of berberine inhibits cytochromes P450 in humans",
  year = 2012,
  journal = "European journal of clinical pharmacology",
  publisher = "Springer",
  volume = 68,
  number = 2,
  url = "http://link.springer.com/article/10.1007/s00228-011-1108-2"
}


@article{dong2012berberine,
  author = "H. Dong and N. Wang and L. Zhao and F. Lu",
  title = "Berberine in the treatment of type 2 diabetes mellitus: a systemic review and meta-analysis",
  year = 2012,
  journal = "Evidence-Based Complementary and Alternative Medicine",
  publisher = "Hindawi Publishing Corporation",
  volume = 2012,
  keywords = "review",
  url = "http://www.hindawi.com/journals/ecam/2012/591654/abs/"
}


@article{kim2012berberine,
  author = "H.-S. Kim and M.-J. Kim and E. J. Kim and Y. Yang and M.-S. Lee and J.-S. Lim",
  title = "Berberine-induced AMPK activation inhibits the metastatic potential of melanoma cells via reduction of ERK activity and COX-2 protein expression",
  year = 2012,
  journal = "Biochemical pharmacology",
  publisher = "Elsevier",
  volume = 83,
  number = 3,
  keywords = "COX-2",
  url = "http://www.sciencedirect.com/science/article/pii/S0006295211008252"
}


@article{zhang2012structural,
  author = "X. Zhang and Y. Zhao and M. Zhang and X. Pang and J. Xu and C. Kang and M. Li and C. Zhang and Z. Zhang and Y. Zhang and others",
  title = "Structural changes of gut microbiota during berberine-mediated prevention of obesity and insulin resistance in high-fat diet-fed rats",
  year = 2012,
  journal = "PLoS One",
  publisher = "Public Library of Science",
  volume = 7,
  number = 8,
  keywords = "insulin",
  url = "http://dx.plos.org/10.1371/journal.pone.0042529"
}


@article{guo2012effects,
  author = "G. U. O. Junhe and Y. CHEN and W. E. I. Gang and N. I. E. Hui and Y. ZHOU and S. CHENG and Q. WANG and D. CHEN",
  title = "Effects of Active Components of Rhizoma Acori Tatarinowii and Their Compatibility at Different Ratios on Learning and Memory Abilities in Dementia Mice",
  year = 2012,
  journal = "Traditional Chinese Drug Research and Clinical Pharmacology",
  volume = 2,
  keywords = "memory,dementia",
  url = "http://en.cnki.com.cn/Article_en/CJFDTotal-ZYXY201202008.htm"
}


@article{m2012chinese,
  author = "H. M. Hugel and N. Jackson and B. H. May and C. C. Xue",
  title = "Chinese herbs for dementia diseases",
  year = 2012,
  journal = "Mini reviews in medicinal chemistry",
  publisher = "Bentham Science Publishers",
  volume = 12,
  number = 5,
  keywords = "Chinese,dementia",
  url = "http://www.ingentaconnect.com/content/ben/mrmc/2012/00000012/00000005/art00003"
}


@article{zhang2012effects,
  author = "M. ZHANG and D.-x. CHEN and S. U. N. Xiao-meng",
  title = "Effects of the Decoction of Poria cocos on Mouse Learning and Memory [J]",
  year = 2012,
  journal = "Journal of Beihua University (Natural Science)",
  volume = 1,
  keywords = "Poria,memory,animal model,Chinese",
  url = "http://en.cnki.com.cn/Article_en/CJFDTOTAL-ZLYY201201013.htm"
}


@article{mathew2012curcumin,
  author = "A. Mathew and T. Fukuda and Y. Nagaoka and T. Hasumura and H. Morimoto and Y. Yoshida and T. Maekawa and K. Venugopal and D. S. Kumar",
  title = "Curcumin loaded-PLGA nanoparticles conjugated with Tet-1 peptide for potential use in Alzheimer’s disease",
  year = 2012,
  journal = "PLoS One",
  publisher = "Public Library of Science",
  volume = 7,
  number = 3,
  keywords = "curcumin,Alzheimer's",
  url = "http://dx.plos.org/10.1371/journal.pone.0032616"
}


@article{villaflores2012effects,
  author = "O. B. Villaflores and Y.-J. Chen and C.-P. Chen and J.-M. Yeh and T.-Y. Wu",
  title = "Effects of curcumin and demethoxycurcumin on amyloid-$\beta$ precursor and tau proteins through the internal ribosome entry sites: A potential therapeutic for Alzheimer's disease",
  year = 2012,
  journal = "Taiwanese Journal of Obstetrics and Gynecology",
  publisher = "Elsevier",
  volume = 51,
  number = 4,
  keywords = "curcumin,tau,Alzheimer's",
  url = "http://www.sciencedirect.com/science/article/pii/S1028455912001866"
}


@article{shytle2012optimized,
  author = "R. D. Shytle and J. Tan and P. C. Bickford and K. Rezai-Zadeh and L. Hou and J. Zeng and P. R. Sanberg and C. D. Sanberg and R. S. Alberte and R. C. Fink and others",
  title = "Optimized turmeric extract reduces $\beta$-amyloid and phosphorylated tau protein burden in Alzheimer’s transgenic mice",
  year = 2012,
  journal = "Current Alzheimer Research",
  publisher = "Bentham Science Publishers",
  volume = 9,
  number = 4,
  keywords = "turmeric,tau,Alzheimer's",
  url = "http://www.ncbi.nlm.nih.gov/pmc/articles/PMC3474959/"
}


@article{li2012resveratrol,
  author = "F. Li and Q. Gong and H. Dong and J. Shi",
  title = "Resveratrol, a neuroprotective supplement for Alzheimer's disease",
  year = 2012,
  journal = "Current pharmaceutical design",
  publisher = "Bentham Science Publishers",
  volume = 18,
  number = 1,
  keywords = "neuroprotective,Alzheimer's,resveratrol",
  url = "http://www.ingentaconnect.com/content/ben/cpd/2012/00000018/00000001/art00005"
}


@article{newman2012natural,
  author = "D. J. Newman and G. M. Cragg",
  title = "Natural products as sources of new drugs over the 30 years from 1981 to 2010",
  year = 2012,
  journal = "Journal of natural products",
  publisher = "ACS Publications",
  volume = 75,
  number = 3,
  keywords = "natural products,drug discovery",
  url = "http://pubs.acs.org/doi/abs/10.1021/np200906s"
}


@article{matsuoka2012effect,
  author = "T. Matsuoka and J. Narumoto and K. Shibata and A. Okamura and S. Taniguchi and Y. Kitabayashi and K. Fukui",
  title = "Effect of toki-shakuyaku-san on regional cerebral blood flow in patients with mild cognitive impairment and Alzheimer's disease",
  year = 2012,
  journal = "Evidence-Based Complementary and Alternative Medicine",
  publisher = "Hindawi Publishing Corporation",
  volume = 2012,
  keywords = "Alzheimer's,kampo",
  url = "http://www.hindawi.com/journals/ecam/2012/245091/abs/"
}


@article{geun2012herbal,
  author = "H. G. Kim and M. S. Oh",
  title = "Herbal medicines for the prevention and treatment of Alzheimer's disease",
  year = 2012,
  journal = "Current pharmaceutical design",
  publisher = "Bentham Science Publishers",
  volume = 18,
  number = 1,
  keywords = "Alzheimer's,review",
  url = "http://www.ingentaconnect.com/content/ben/cpd/2012/00000018/00000001/art00009"
}


@article{vellas2012long,
  author = "B. Vellas and N. Coley and P.-J. Ousset and G. Berrut and J.-F. Dartigues and B. Dubois and H. Grandjean and F. Pasquier and F. Piette and P. Robert and others",
  title = "Long-term use of standardised Ginkgo biloba extract for the prevention of Alzheimer's disease (GuidAge): a randomised placebo-controlled trial",
  year = 2012,
  journal = "The Lancet Neurology",
  publisher = "Elsevier",
  volume = 11,
  number = 10,
  keywords = "Ginkgo,Alzheimer's,RCT,ineffective",
  url = "http://www.sciencedirect.com/science/article/pii/S1474442212702065"
}


@article{nagata2012effects,
  author = "K. Nagata and E. Yokoyama and T. Yamazaki and D. Takano and T. Maeda and S. Takahashi and Y. Terayama",
  title = "Effects of yokukansan on behavioral and psychological symptoms of vascular dementia: an open-label trial",
  year = 2012,
  journal = "Phytomedicine",
  publisher = "Elsevier",
  volume = 19,
  number = 6,
  keywords = "yokukansan,dementia,open-label,clinical trial,BPSD",
  url = "http://www.sciencedirect.com/science/article/pii/S0944711312000475"
}


@article{singhal2012medicinal,
  author = "A. K. Singhal and V. Naithani and O. P. Bangar and others",
  title = "Medicinal plants with a potential to treat Alzheimer and associated symptoms",
  year = 2012,
  journal = "International Journal of Nutrition, Pharmacology, Neurological Diseases",
  publisher = "Medknow Publications",
  volume = 2,
  number = 2,
  keywords = "Glycyrrhiza",
  url = "http://www.ijnpnd.com/article.asp?issn=2231-0738;year=2012;volume=2;issue=2;spage=84;epage=91;aulast=Singhal"
}


@article{gao2012neuroprotective,
  author = "Q. Gao and Z.-H. Ji and Y. Yang and R. Cheng and X.-Y. Yu",
  title = "Neuroprotective Effect of Rhizoma Atractylodis Macrocephalae Against Excitotoxicity-induced Apoptosis in Cultured Cerebral Cortical Neurons",
  year = 2012,
  journal = "Phytotherapy Research",
  publisher = "Wiley Online Library",
  volume = 26,
  number = 4,
  keywords = "neuroprotective,apoptosis",
  url = "http://onlinelibrary.wiley.com/doi/10.1002/ptr.3595/full"
}


@article{varughese2012antifungal,
  author = "T. Varughese and N. Rios and S. Higginbotham and A. E. Arnold and P. D. Coley and T. A. Kursar and W. H. Gerwick and L. C. Rios",
  title = "Antifungal depsidone metabolites from Cordyceps dipterigena, an endophytic fungus antagonistic to the phytopathogen Gibberella fujikuroi",
  year = 2012,
  journal = "Tetrahedron letters",
  publisher = "Elsevier",
  volume = 53,
  number = 13,
  keywords = "antifungal,Cordyceps",
  url = "http://www.sciencedirect.com/science/article/pii/S0040403912001220"
}


@article{li2012cordyceps,
  author = "Z. Li and Z. Zhang and J. Zhang and J. Jia and J. Ding and R. Luo and Z. Liu",
  title = "Cordyceps militaris extract attenuates D-galactose-induced memory impairment in mice",
  year = 2012,
  journal = "Journal of medicinal food",
  publisher = "Mary Ann Liebert, Inc. 140 Huguenot Street, 3rd Floor New Rochelle, NY 10801 USA",
  volume = 15,
  number = 12,
  keywords = "memory"
}


@article{zhang2012protective,
  author = "Y. ZHANG and L. U. O. Jun and N.-h. HUANG and X.-y. ZHANG",
  title = "Protective Effects and Mechanism of Ganoderma Lucidum Triterpenoids on Learning and Memory Function of Alzheimer Disease Model Animals",
  year = 2012,
  journal = "Journal of Food Science and Biotechnology",
  volume = 7,
  keywords = "ganoderma,triterpenoids,memory"
}


@article{wong2012neuroregenerative,
  author = "K.-H. Wong and M. Naidu and R. P. David and R. Bakar and V. Sabaratnam",
  title = "Neuroregenerative Potential of Lion's Mane Mushroom, Hericium erinaceus (Bull.: Fr.) Pers.(Higher Basidiomycetes), in the Treatment of Peripheral Nerve Injury (Review)",
  year = 2012,
  journal = "International journal of medicinal mushrooms",
  publisher = "Begel House Inc.",
  volume = 14,
  number = 5,
  keywords = "Hericium,review"
}


@article{inanaga2012amycenone,
  author = "K. Inanaga",
  title = "Amycenone, a nootropic found in Hericium erinaceum",
  year = 2012,
  journal = "Personalized Medicine Universe",
  publisher = "Elsevier",
  volume = 1,
  number = 1,
  keywords = "Hericium"
}


@article{ohizumi2012nobiletin,
  author = "Y. Ohizumi",
  title = "Nobiletin, a citrus flavonoid improves memory disorder in Alzheimer's disease model animals- its application to functional foods",
  year = 2012,
  journal = "Zhongguo Yaolixue yu Dulixue Zazhi- Chinese Journal of Pharmacology and Toxicology",
  volume = 26,
  number = 5,
  keywords = "Citrus,flavonoid,memory,Alzheimer's"
}


@article{zhu2012standardized,
  author = "K. Y. Zhu and Q.-Q. Mao and S.-P. Ip and R. C.-Y. Choi and T. T.-X. Dong and D. T.-W. Lau and K. W.-K. Tsim",
  title = "A standardized chinese herbal decoction, kai-xin-san, restores decreased levels of neurotransmitters and neurotrophic factors in the brain of chronic stress-induced depressive rats",
  year = 2012,
  journal = "Evidence-Based Complementary and Alternative Medicine",
  publisher = "Hindawi Publishing Corporation",
  volume = 2012,
  keywords = "Poria,Acorus,KXS,Panax,Chinese,Polygala",
  url = "http://www.hindawi.com/journals/ecam/2012/149256/"
}


@article{ademosun2012inhibition,
  author = "A. O. Ademosun and G. Oboh",
  title = "Inhibition of acetylcholinesterase activity and Fe2+-induced lipid peroxidation in rat brain in vitro by some citrus fruit juices",
  year = 2012,
  journal = "Journal of medicinal food",
  publisher = "Mary Ann Liebert, Inc. 140 Huguenot Street, 3rd Floor New Rochelle, NY 10801 USA",
  volume = 15,
  number = 5,
  keywords = "in vitro,Alzheimer's,Citrus,acetylcholinesterase",
  url = "http://online.liebertpub.com/doi/abs/10.1089/jmf.2011.0226"
}


@article{hishikawa2012effects,
  author = "N. Hishikawa and Y. Takahashi and Y. Amakusa and Y. Tanno and Y. Tuji and H. Niwa and N. Murakami and U. Krishna",
  title = "Effects of turmeric on Alzheimer's disease with behavioral and psychological symptoms of dementia",
  year = 2012,
  journal = "Ayu",
  publisher = "Medknow Publications",
  volume = 33,
  number = 4,
  keywords = "turmeric,yokukansan,case report,Alzheimer's,dementia",
  url = "http://www.ncbi.nlm.nih.gov/pmc/articles/pmc3665200/"
}


@article{zhou2012neuroprotective,
  author = "Y. Zhou and Z.-q. Qu and Y.-s. Zeng and Y.-k. Lin and Y. Li and P. Chung and R. Wong and U. Hägg",
  title = "Neuroprotective effect of preadministration with Ganoderma lucidum spore on rat hippocampus",
  year = 2012,
  journal = "Experimental and Toxicologic Pathology",
  publisher = "Elsevier",
  volume = 64,
  number = 7,
  keywords = "ganoderma,neuroprotective,animal model",
  url = "http://www.sciencedirect.com/science/article/pii/S0940299310002332"
}


@article{khalil2012curcumin,
  author = "O. A. K. Khalil and O. M. M. de F. Oliveira and J. C. R. Vellosa and A. U. de Quadros and L. M. Dalposso and T. K. Karam and R. M. Mainardes and N. M. Khalil",
  title = "Curcumin antifungal and antioxidant activities are increased in the presence of ascorbic acid",
  year = 2012,
  journal = "Food Chemistry",
  publisher = "Elsevier",
  volume = 133,
  number = 3,
  keywords = "curcumin,antifungal,ascorbic acid",
  url = "http://www.sciencedirect.com/science/article/pii/S0308814612001744"
}


@article{wu2011traditional,
  author = "T.-Y. Wu and C.-P. Chen and T.-R. Jinn",
  title = "Traditional Chinese medicines and Alzheimer’s disease",
  year = 2011,
  journal = "Taiwanese Journal of Obstetrics and Gynecology",
  publisher = "Elsevier",
  volume = 50,
  number = 2,
  keywords = "Chinese,Alzheimer's",
  url = "http://www.sciencedirect.com/science/article/pii/S102845591100101X"
}


@article{cheong2011anti,
  author = "M.-H. Cheong and S.-R. Lee and H.-S. Yoo and J.-W. Jeong and G.-Y. Kim and W.-J. Kim and I.-C. Jung and Y. H. Choi",
  title = "Anti-inflammatory effects of Polygala tenuifolia root through inhibition of NF-$\kappa$B activation in lipopolysaccharide-induced BV2 microglial cells",
  year = 2011,
  journal = "Journal of ethnopharmacology",
  publisher = "Elsevier",
  volume = 137,
  number = 3,
  keywords = "Polygala,microglial",
  url = "http://www.sciencedirect.com/science/article/pii/S0378874111005812"
}


@article{shi2011effects,
  author = "C. Shi and X. Li and Q. Xu and others",
  title = "Effects of polygala tenuifolia extracts on learning and memory abilities in Alzeimer’s disease model mice",
  year = 2011,
  journal = "Journal Apoplexy \& Nervous Disease",
  volume = 28,
  number = 7,
  keywords = "Polygala,memory",
  url = "http://en.cnki.com.cn/Article_en/CJFDTotal-ZFSJ201107014.htm"
}


@article{ji2011berberine,
  author = "H.-F. Ji and L. Shen",
  title = "Berberine: a potential multipotent natural product to combat Alzheimer’s disease",
  year = 2011,
  journal = "Molecules",
  publisher = "Molecular Diversity Preservation International",
  volume = 16,
  number = 8,
  keywords = "berberine,Alzheimer's",
  url = "http://www.mdpi.com/1420-3049/16/8/6732"
}


@article{singh2011berberine,
  author = "T. Singh and M. Vaid and N. Katiyar and S. Sharma and S. K. Katiyar",
  title = "Berberine, an isoquinoline alkaloid, inhibits melanoma cancer cell migration by reducing the expressions of cyclooxygenase-2, prostaglandin E2 and prostaglandin E2 receptors",
  year = 2011,
  journal = "Carcinogenesis",
  publisher = "Oxford Univ Press",
  volume = 32,
  number = 1,
  keywords = "cancer",
  url = "http://carcin.oxfordjournals.org/content/32/1/86.short"
}


@article{xia2011berberine,
  author = "X. Xia and J. Yan and Y. Shen and K. Tang and J. Yin and Y. Zhang and D. Yang and H. Liang and J. Ye and J. Weng",
  title = "Berberine improves glucose metabolism in diabetic rats by inhibition of hepatic gluconeogenesis",
  year = 2011,
  journal = "PLoS one",
  publisher = "Public Library of Science",
  volume = 6,
  number = 2,
  url = "http://dx.plos.org/10.1371/journal.pone.0016556"
}


@article{jesky2011herbal,
  author = "R. Jesky and C. Hailong",
  title = "Are herbal compounds the next frontier for alleviating learning and memory impairments? An integrative look at memory, dementia and the promising therapeutics of traditional chinese medicines",
  year = 2011,
  journal = "Phytotherapy Research",
  publisher = "Wiley Online Library",
  volume = 25,
  number = 8,
  keywords = "memory,dementia,Chinese",
  url = "http://onlinelibrary.wiley.com/doi/10.1002/ptr.3388/pdf"
}


@article{williams2011natural,
  author = "P. Williams and A. Sorribas and M.-J. R. Howes",
  title = "Natural products as a source of Alzheimer's drug leads",
  year = 2011,
  journal = "Natural product reports",
  publisher = "Royal Society of Chemistry",
  volume = 28,
  number = 1,
  keywords = "Alzheimer's,natural products",
  url = "http://pubs.rsc.org/en/content/articlehtml/2011/np/c0np00027b"
}


@article{li2011experimental,
  author = "L. I. Fu-ren and L.-l. CHOU and F. A. N. Xin-tian",
  title = "Experimental Studies on Effects of EEPP on Learning and Memory Dysfunctions [J]",
  year = 2011,
  journal = "Journal of Beihua University (Natural Science)",
  volume = 2,
  keywords = "memory",
  url = "http://en.cnki.com.cn/Article_en/CJFDTOTAL-ZLYY201102011.htm"
}


@article{ahmed2011comparative,
  author = "T. Ahmed and A.-H. Gilani",
  title = "A comparative study of curcuminoids to measure their effect on inflammatory and apoptotic gene expression in an A$\beta$ plus ibotenic acid-infused rat model of Alzheimer's disease",
  year = 2011,
  journal = "Brain research",
  publisher = "Elsevier",
  volume = 1400,
  keywords = "Alzheimer's",
  url = "http://www.sciencedirect.com/science/article/pii/S0006899311009073"
}


@article{yoshida2011turmeric,
  author = "H. Yoshida and N. Okumura and Y. Nishimura and Y. Kitagishi and S. Matsuda",
  title = "Turmeric and curcumin suppress presenilin 1 protein expression in Jurkat cells",
  year = 2011,
  journal = "Experimental and therapeutic medicine",
  publisher = "Spandidos Publications",
  volume = 2,
  number = 4,
  keywords = "turmeric,curcumin",
  url = "http://www.spandidos-publications.com/etm/2/4/629"
}


@article{cojocaru2011study,
  author = "I. M. Cojocaru and M. Cojocaru and G. Miu and V. Sapira",
  title = "Study of interleukin-6 production in Alzheimer’s disease",
  year = 2011,
  journal = "Rom J Intern Med",
  volume = 49,
  number = 1,
  keywords = "Alzheimer's"
}


@article{kumar2011pathogen,
  author = "H. Kumar and T. Kawai and S. Akira",
  title = "Pathogen recognition by the innate immune system",
  year = 2011,
  journal = "International reviews of immunology",
  publisher = "Taylor \& Francis",
  volume = 30,
  number = 1,
  url = "http://www.tandfonline.com/doi/abs/10.3109/08830185.2010.529976"
}


@article{treusch2011functional,
  author = "S. Treusch and S. Hamamichi and J. L. Goodman and K. E. Matlack and C. Y. Chung and V. Baru and J. M. Shulman and A. Parrado and B. J. Bevis and J. S. Valastyan and others",
  title = "Functional links between A$\beta$ toxicity, endocytic trafficking, and Alzheimer’s disease risk factors in yeast",
  year = 2011,
  journal = "Science",
  publisher = "American Association for the Advancement of Science",
  volume = 334,
  number = 6060,
  keywords = "Alzheimer's",
  url = "http://www.sciencemag.org/content/334/6060/1241.short"
}


@article{kiyohara2011polysaccharide,
  author = "H. Kiyohara and K. Nonaka and M. Sekiya and T. Matsumoto and T. Nagai and Y. Tabuchi and H. Yamada",
  title = "Polysaccharide-containing macromolecules in a kampo (traditional Japanese herbal) medicine, hochuekkito: dual active ingredients for modulation of immune functions on intestinal Peyer's patches and epithelial cells",
  year = 2011,
  journal = "Evidence-Based Complementary and Alternative Medicine",
  publisher = "Hindawi Publishing Corporation",
  volume = 2011,
  keywords = "kampo"
}


@article{watanabe2011traditional,
  author = "K. Watanabe and K. Matsuura and P. Gao and L. Hottenbacher and H. Tokunaga and K. Nishimura and Y. Imazu and H. Reissenweber and C. M. Witt",
  title = "Traditional Japanese Kampo medicine: clinical research between modernity and traditional medicine—the state of research and methodological suggestions for the future",
  year = 2011,
  journal = "Evidence-Based Complementary and Alternative Medicine",
  publisher = "Hindawi Publishing Corporation",
  volume = 2011,
  keywords = "kampo",
  url = "http://www.hindawi.com/journals/ecam/2011/513842/abs/"
}


@article{divino2011role,
  author = "M. D. d. Rocha and F. P. D. Viegas and H. C. Campos and P. C. Nicastro and P. C. Fossaluzza and C. A. M. Fraga and E. J. Barreiro and C. Viegas",
  title = "The role of natural products in the discovery of new drug candidates for the treatment of neurodegenerative disorders II: Alzheimer's disease",
  year = 2011,
  journal = "CNS \& Neurological Disorders-Drug Targets (Formerly Current Drug Targets-CNS \& Neurological Disorders)",
  publisher = "Bentham Science Publishers",
  volume = 10,
  number = 2,
  keywords = "Alzheimer's",
  url = "http://www.ingentaconnect.com/content/ben/cnsnddt/2011/00000010/00000002/art00012"
}


@article{choi2011inhibitors,
  author = "D. K. Choi and S. Koppula and K. Suk",
  title = "Inhibitors of microglial neurotoxicity: focus on natural products",
  year = 2011,
  journal = "Molecules",
  publisher = "Molecular Diversity Preservation International",
  volume = 16,
  number = 2,
  keywords = "neurotoxicity,NPs,microglial",
  url = "http://www.mdpi.com/1420-3049/16/2/1021"
}


@article{kawakami2011yokukansan,
  author = "Z. Kawakami and H. Kanno and Y. Ikarashi and Y. Kase",
  title = "Yokukansan, a kampo medicine, protects against glutamate cytotoxicity due to oxidative stress in PC12 cells",
  year = 2011,
  journal = "Journal of ethnopharmacology",
  publisher = "Elsevier",
  volume = 134,
  number = 1,
  keywords = "yokukansan,kampo,in vitro",
  url = "http://www.sciencedirect.com/science/article/pii/S0378874110008482"
}


@article{ho2011drug,
  author = "Y.-S. Ho and K.-F. So and R. Chang",
  title = "Drug discovery from Chinese medicine against neurodegeneration in Alzheimer's and vascular dementia",
  year = 2011,
  journal = "Chin Med",
  volume = 6,
  number = 1,
  keywords = "neurodegeneration,Alzheimer's,dementia,yokukansan",
  url = "http://www.biomedcentral.com/content/pdf/1749-8546-6-15.pdf"
}


@article{lin2011traditional,
  author = "Z. Lin and J. Gu and J. Xiu and T. Mi and J. Dong and J. K. Tiwari",
  title = "Traditional chinese medicine for senile dementia",
  year = 2011,
  journal = "Evidence-Based Complementary and Alternative Medicine",
  publisher = "Hindawi Publishing Corporation",
  volume = 2012,
  keywords = "dementia,Poria,Polygala,Glycyrrhiza,Angelica,Rehmannia,TCM,Alzheimer's",
  url = "http://www.hindawi.com/journals/ecam/2012/692621/abs/"
}


@article{wasser2011current,
  author = "S. P. Wasser",
  title = "Current findings, future trends, and unsolved problems in studies of medicinal mushrooms",
  year = 2011,
  journal = "Applied microbiology and biotechnology",
  publisher = "Springer",
  volume = 89,
  number = 5,
  keywords = "mushrooms,review",
  url = "http://link.springer.com/article/10.1007/s00253-010-3067-4"
}


@article{zhang2011ganoderma,
  author = "R. Zhang and S. Xu and Y. Cai and M. Zhou and X. Zuo and P. Chan",
  title = "Ganoderma lucidum protects dopaminergic neuron degeneration through inhibition of microglial activation",
  year = 2011,
  journal = "Evidence-Based Complementary and Alternative Medicine",
  publisher = "Hindawi Publishing Corporation",
  volume = 2011,
  keywords = "ganoderma",
  url = "http://www.hindawi.com/journals/ecam/2011/156810/abs/"
}


@article{suntar2011novel,
  author = "I. Süntar and E. K. Akkol and H. Keles and A. Oktem and K. H. C. Baser and E. Yesilada",
  title = "A novel wound healing ointment: a formulation of Hypericum perforatum oil and sage and oregano essential oils based on traditional Turkish knowledge",
  year = 2011,
  journal = "Journal of ethnopharmacology",
  publisher = "Elsevier",
  volume = 134,
  number = 1,
  keywords = "sage,oregano,antifungal,candida",
  url = "http://www.sciencedirect.com/science/article/pii/S0378874110008469"
}


@article{singh2011overview,
  author = "N. Singh and B. Pandey and P. Verma",
  title = "An overview of phytotherapeutic approach in prevention and treatment of Alzheimer’s Syndrome \& Dementia",
  year = 2011,
  journal = "International Journal of Pharmaceutical Sciences and Drug Research",
  volume = 3,
  number = 3,
  keywords = "Alzheimer's,dementia,review",
  url = "http://oaji.net/articles/2014/364-1402073716.pdf"
}


@article{tohda2011kamikihi,
  author = "C. Tohda and R. Nakada and T. Urano and A. Okonogi and T. Kuboyama",
  title = "Kamikihi-to (KKT) rescues axonal and synaptic degeneration associated with memory impairment in a mouse model of Alzheimer's disease, 5XFAD",
  year = 2011,
  journal = "International Journal of Neuroscience",
  publisher = "Taylor \& Francis",
  volume = 121,
  number = 12,
  keywords = "memory,Alzheimer's,Astragalus,animal model",
  url = "http://www.tandfonline.com/doi/full/10.3109/00207454.2011.602809"
}


@article{obulesu2011effect,
  author = "M. Obulesu and D. M. Rao",
  title = "Effect of plant extracts on Alzheimer's disease: An insight into therapeutic avenues",
  year = 2011,
  journal = "Journal of neurosciences in rural practice",
  publisher = "Medknow Publications",
  volume = 2,
  number = 1,
  keywords = "Alzheimer's",
  url = "http://www.ncbi.nlm.nih.gov/pmc/articles/PMC3122981/"
}


@article{yuan2011effects,
  author = "D.-j. YUAN and Y.-f. ZHANG and Y. A. O. Chun-xiang",
  title = "Effects of Ganoderma lucidum Polysaccharides on Synapsis and Hippocampal Synaptophysin Expression in Alzheimer's Rats Model [J]",
  year = 2011,
  journal = "Chinese Journal of Experimental Traditional Medical Formulae",
  volume = 3,
  keywords = "ganoderma,Alzheimer's"
}


@article{wong2011peripheral,
  author = "K.-H. Wong and M. Naidu and P. David and M. A. Abdulla and N. Abdullah and U. R. Kuppusamy and V. Sabaratnam",
  title = "Peripheral nerve regeneration following crush injury to rat peroneal nerve by aqueous extract of medicinal mushroom Hericium erinaceus (Bull.: Fr) Pers.(Aphyllophoromycetideae)",
  year = 2011,
  journal = "Evidence-Based Complementary and Alternative Medicine",
  publisher = "Hindawi Publishing Corporation",
  volume = 2011,
  keywords = "Hericium",
  url = "http://www.hindawi.com/journals/ecam/2011/580752/abs/"
}


@article{mori2011effects,
  author = "K. Mori and Y. Obara and T. Moriya and S. Inatomi and N. Nakahata",
  title = "Effects of Hericium erinaceus on amyloid. BETA.(25-35) peptide-induced learning and memory deficits in mice",
  year = 2011,
  journal = "Biomedical Research",
  publisher = "バイオメディカルリサーチプレス",
  volume = 32,
  number = 1,
  keywords = "Hericium,amyloid,memory"
}


@article{menichini2011chemical,
  author = "F. Menichini and R. Tundis and M. Bonesi and B. de Cindio and M. R. Loizzo and F. Conforti and G. A. Statti and R. Menabeni and R. Bettini and F. Menichini",
  title = "Chemical composition and bioactivity of Citrus medica L. cv. Diamante essential oil obtained by hydrodistillation, cold-pressing and supercritical carbon dioxide extraction",
  year = 2011,
  journal = "Natural product research",
  publisher = "Taylor \& Francis",
  volume = 25,
  number = 8,
  keywords = "Citrus"
}


@article{baker2011insulin,
  author = "L. D. Baker and D. J. Cross and S. Minoshima and D. Belongia and G. S. Watson and S. Craft",
  title = "Insulin resistance and Alzheimer-like reductions in regional cerebral glucose metabolism for cognitively normal adults with prediabetes or early type 2 diabetes",
  year = 2011,
  journal = "Archives of neurology",
  publisher = "American Medical Association",
  volume = 68,
  number = 1,
  keywords = "insulin,Alzheimer's",
  url = "http://archneur.jamanetwork.com/article.aspx?articleid=802106"
}


@article{holmes2011systemic,
  author = "C. Holmes and J. Butchart",
  title = "Systemic inflammation and Alzheimer's disease",
  year = 2011,
  journal = "Biochemical Society Transactions",
  volume = 39,
  number = 4,
  keywords = "Alzheimer's,inflammation",
  url = "http://www.biochemsoctrans.org/content/39/4/898.abstract?ijkey=02d0ce6037bb5f762fef1d6e74d96544e1132db9&keytype2=tf_ipsecsha"
}


@book{benzie2011herbal,
  author = "I. F. Benzie and S. Wachtel-Galor",
  title = "Herbal medicine: biomolecular and clinical aspects",
  year = 2011,
  publisher = "CRC Press",
  keywords = "mushrooms",
  url = "https://books.google.com/books?hl=en&lr=lang_en&id=7WDgesSflScC&oi=fnd&pg=PP1&dq=mushroom+alzheimer%27s+clinical+trial&ots=DpYbON8e_A&sig=3MIJbE4bJVgxalOYiu_I-qkcl2I"
}


@article{li2011ganoderma,
  author = "W.-J. Li and S.-P. Nie and M.-Y. Xie and Q. Yu and Y. Chen and M. He",
  title = "Ganoderma atrum polysaccharide attenuates oxidative stress induced by D-galactose in mouse brain",
  year = 2011,
  journal = "Life sciences",
  publisher = "Elsevier",
  volume = 88,
  number = 15,
  keywords = "ganoderma,polysaccharide,oxidative stress,animal model",
  url = "http://www.sciencedirect.com/science/article/pii/S0024320511000853"
}


@article{lee2011selective,
  author = "I. Lee and B. Ahn and J. Choi and M. Hattori and B. Min and K. Bae",
  title = "Selective cholinesterase inhibition by lanostane triterpenes from fruiting bodies of Ganoderma lucidum",
  year = 2011,
  journal = "Bioorganic \& medicinal chemistry letters",
  publisher = "Elsevier",
  volume = 21,
  number = 21,
  keywords = "ganoderma,terpenoids,Alzheimer's,cholinesterase inhibitors",
  url = "http://www.sciencedirect.com/science/article/pii/S0960894X11004999"
}


@article{neelofar2011curcumin,
  author = "K. Neelofar and S. Shreaz and B. Rimple and S. Muralidhar and M. Nikhat and L. A. Khan",
  title = "Curcumin as a promising anticandidal of clinical interest",
  year = 2011,
  journal = "Canadian journal of microbiology",
  publisher = "NRC Research Press",
  volume = 57,
  number = 3,
  keywords = "curcumin,antifungal,candida",
  url = "http://www.ncbi.nlm.nih.gov/pubmed/21358761"
}


@article{wen2010study,
  author = "J. Wen and B. Yang and C. Xue and D. Ren",
  title = "The study of polygala tenuifolia willd promote neurogenesis in Alzheimer’s diseasemodel mice",
  year = 2010,
  journal = "Chin J Neuroanat",
  volume = 26,
  number = 2,
  keywords = "Polygala,neurogenesis,Alzheimer's"
}


@article{liu2010study,
  author = "L. I. U. Zhi-bin and N. I. U. Wen-min and X.-h. YANG and W. Yuan and W.-g. WANG",
  title = "Study on perfume stimulating olfaction with volatile oil of Acorus gramineus for treatment of the Alzheimer's disease rat",
  year = 2010,
  journal = "Journal of Traditional Chinese Medicine",
  publisher = "Elsevier",
  volume = 30,
  number = 4,
  keywords = "Acorus,Alzheimer's",
  url = "http://www.sciencedirect.com/science/article/pii/S025462721060057X"
}


@article{barik2010phylogenetic,
  author = "B. P. Barik and K. Tayung and P. N. Jagadev and S. K. Dutta",
  title = "Phylogenetic placement of an endophytic fungus Fusarium oxysporum isolated from Acorus calamus rhizomes with antimicrobial activity",
  year = 2010,
  journal = "EJBS",
  volume = 2,
  number = 1,
  keywords = "fungus,Acorus,calamus",
  url = "http://www.ejarr.com/volumes/vol2/ejbs_2_02.pdf"
}


@article{darvesh2010oxidative,
  author = "A. S. Darvesh and R. T. Carroll and A. Bishayee and W. J. Geldenhuys and C. J. V. der Schyf",
  title = "Oxidative stress and Alzheimer's disease: dietary polyphenols as potential therapeutic agents",
  year = 2010,
  publisher = "Informa Healthcare London",
  keywords = "Alzheimer's,polyphenols,oxidative stress",
  url = "http://informahealthcare.com/doi/abs/10.1586/ern.10.42"
}


@article{kulkarni2010overview,
  author = "S. Kulkarni and A. Dhir",
  title = "An overview of curcumin in neurological disorders",
  year = 2010,
  journal = "Indian journal of pharmaceutical sciences",
  publisher = "Medknow Publications",
  volume = 72,
  number = 2,
  keywords = "curcumin",
  url = "http://www.ncbi.nlm.nih.gov/pmc/articles/PMC2929771/"
}


@article{ahmed2010curcuminoids,
  author = "T. Ahmed and S. Enam and A. Gilani",
  title = "Curcuminoids enhance memory in an amyloid-infused rat model of Alzheimer's disease",
  year = 2010,
  journal = "Neuroscience",
  publisher = "Elsevier",
  volume = 169,
  number = 3,
  keywords = "memory,Alzheimer's",
  url = "http://www.sciencedirect.com/science/article/pii/S0306452210008183"
}


@article{hamaguchi2010review,
  author = "T. Hamaguchi and K. Ono and M. Yamada",
  title = "REVIEW: Curcumin and Alzheimer's disease",
  year = 2010,
  journal = "CNS neuroscience \& therapeutics",
  publisher = "Wiley Online Library",
  volume = 16,
  number = 5,
  keywords = "review,curcumin,Alzheimer's",
  url = "http://onlinelibrary.wiley.com/doi/10.1111/j.1755-5949.2010.00147.x/full"
}


@article{wasser2010medicinal,
  author = "S. P. Wasser",
  title = "Medicinal mushroom science: history, current status, future trends, and unsolved problems",
  year = 2010,
  journal = "International Journal of Medicinal Mushrooms",
  publisher = "Begel House Inc.",
  volume = 12,
  number = 1,
  keywords = "history,mushrooms,review",
  url = "http://www.dl.begellhouse.com/journals/708ae68d64b17c52,7a925fcb5505d4dc,3ba1b0ce51e92e68.html"
}


@article{okahara2010effects,
  author = "K. Okahara and Y. Ishida and Y. Hayashi and T. Inoue and K. Tsuruta and K. Takeuchi and H. Yoshimuta and K. Kiue and Y. Ninomiya and J. Kawano and others",
  title = "Effects of Yokukansan on behavioral and psychological symptoms of dementia in regular treatment for Alzheimer's disease",
  year = 2010,
  journal = "Progress in Neuro-Psychopharmacology and Biological Psychiatry",
  publisher = "Elsevier",
  volume = 34,
  number = 3,
  keywords = "yokukansan,dementia,Alzheimer's,BPSD",
  url = "http://www.sciencedirect.com/science/article/pii/S0278584610000606"
}


@article{lee2010anti,
  author = "M.-R. Lee and B.-S. Yun and S.-Y. Park and S.-Y. Ly and S.-N. Kim and B.-H. Han and C.-K. Sung",
  title = "Anti-amnesic effect of Chong--Myung--Tang on scopolamine-induced memory impairments in mice",
  year = 2010,
  journal = "Journal of ethnopharmacology",
  publisher = "Elsevier",
  volume = 132,
  number = 1,
  keywords = "memory,Chong-Myung-Tang,Korean,Poria,Acorus,Polygala,animal model",
  url = "http://www.sciencedirect.com/science/article/pii/S0378874110005209"
}


@article{zhao2010molecular,
  author = "J. Zhao and P. Jiang and W. Zhang",
  title = "Molecular networks for the study of TCM pharmacology",
  year = 2010,
  journal = "Briefings in Bioinformatics",
  publisher = "Oxford Univ Press",
  volume = 11,
  number = 4,
  keywords = "TCM",
  url = "http://bib.oxfordjournals.org/content/11/4/417.short"
}


@article{eckert2010traditional,
  author = "G. P. Eckert",
  title = "Traditional used plants against cognitive decline and Alzheimer disease",
  year = 2010,
  journal = "Frontiers in pharmacology",
  publisher = "Frontiers Media SA",
  volume = 1,
  keywords = "kampo,TCM,ayurveda,Ginkgo",
  url = "http://www.ncbi.nlm.nih.gov/pmc/articles/PMC3153012/"
}


@article{sudheesh2010therapeutic,
  author = "N. Sudheesh and T. Ajith and V. Ramnath and K. Janardhanan",
  title = "Therapeutic potential of Ganoderma lucidum (Fr.) P. Karst. against the declined antioxidant status in the mitochondria of post-mitotic tissues of aged mice",
  year = 2010,
  journal = "Clinical nutrition",
  publisher = "Elsevier",
  volume = 29,
  number = 3,
  keywords = "ganoderma,antioxidant,aging,animal model",
  url = "http://www.sciencedirect.com/science/article/pii/S0261561409002416"
}


@article{cleff2010vitro,
  author = "M. B. Cleff and A. R. Meinerz and M. Xavier and L. F. Schuch and M. C. A. Meireles and M. R. A. Rodrigues and J. R. B. de Mello",
  title = "In vitro activity of Origanum vulgare essential oil against Candida species",
  year = 2010,
  journal = "Brazilian Journal of Microbiology",
  publisher = "SciELO Brasil",
  volume = 41,
  number = 1,
  keywords = "candida,oregano,antifungal",
  url = "http://www.scielo.br/scielo.php?pid=S1517-83822010000100018&script=sci_arttext"
}


@article{hayashi2010treatment,
  author = "Y. Hayashi and Y. Ishida and T. Inoue and M. Udagawa and K. Takeuchi and H. Yoshimuta and K. Kiue and Y. Ninomiya and J. Kawano and T. Sameshima and others",
  title = "Treatment of behavioral and psychological symptoms of Alzheimer-type dementia with Yokukansan in clinical practice",
  year = 2010,
  journal = "Progress in Neuro-Psychopharmacology and Biological Psychiatry",
  publisher = "Elsevier",
  volume = 34,
  number = 3,
  keywords = "dementia,yokukansan,open-label,clinical trial",
  url = "http://www.sciencedirect.com/science/article/pii/S0278584610000631"
}


@article{seo2010oriental,
  author = "J.-S. Seo and J.-H. Yun and I.-S. Baek and Y.-H. Leem and H.-W. Kang and H. K. Cho and Y.-S. Lyu and H.-J. Son and P.-L. Han",
  title = "Oriental medicine Jangwonhwan reduces A$\beta$ (1--42) level and $\beta$-amyloid deposition in the brain of Tg-APPswe/PS1dE9 mouse model of Alzheimer disease",
  year = 2010,
  journal = "Journal of ethnopharmacology",
  publisher = "Elsevier",
  volume = 128,
  number = 1,
  url = "http://www.sciencedirect.com/science/article/pii/S0378874110000310"
}


@article{seo2010modified,
  author = "J.-S. Seo and E.-Y. Jung and J.-H. Kim and Y.-S. Lyu and P.-L. Han and H.-W. Kang",
  title = "A modified preparation (LMK03) of the oriental medicine Jangwonhwan reduces A$\beta$ 1--42 level in the brain of Tg-APPswe/PS1dE9 mouse model of Alzheimer disease",
  year = 2010,
  journal = "Journal of ethnopharmacology",
  publisher = "Elsevier",
  volume = 130,
  number = 3,
  keywords = "Korean,animal model,amyloid",
  url = "http://www.sciencedirect.com/science/article/pii/S0378874110003752"
}


@article{gao2010comparision,
  author = "G. A. O. Bing-bing and X. U. Shu-ping and L. I. U. Xin-min and L.-w. WANG",
  title = "Comparision of Nootropic Effects of Kaixinsan Prescription and Kaixinsan without Poria cocos (Schw.) Wolf to Alzheimer's Mice Model [J]",
  year = 2010,
  journal = "Chinese Journal of Comparative Medicine",
  volume = 7,
  keywords = "Poria,Alzheimer's",
  url = "http://en.cnki.com.cn/Article_en/CJFDTOTAL-ZGDX201007015.htm"
}


@article{chiba2010effects,
  author = "T. Chiba and M. Yamada and K. Torii and M. Suzuki and J. Sasabe and M. Ito and K. Terashita and S. Aiso",
  title = "Effects of extracts from Cordyceps sinensis on M1 muscarinic acetylcholine receptor in vitro and in vivo",
  year = 2010,
  journal = "J. Receptor Ligand Channel Res",
  volume = 3
}


@article{kumar2010protective,
  author = "A. Kumar and S. Dogra and A. Prakash",
  title = "Protective effect of naringin, a citrus flavonoid, against colchicine-induced cognitive dysfunction and oxidative damage in rats",
  year = 2010,
  journal = "Journal of medicinal food",
  publisher = "Mary Ann Liebert, Inc. 140 Huguenot Street, 3rd Floor New Rochelle, NY 10801 USA",
  volume = 13,
  number = 4,
  keywords = "Citrus,flavonoid"
}


@article{soscia2010alzheimer,
  author = "S. J. Soscia and J. E. Kirby and K. J. Washicosky and S. M. Tucker and M. Ingelsson and B. Hyman and M. A. Burton and L. E. Goldstein and S. Duong and R. E. Tanzi and others",
  title = "The Alzheimer's disease-associated amyloid $\beta$-protein is an antimicrobial peptide",
  year = 2010,
  keywords = "Alzheimer's,infection,amyloid",
  url = "http://dx.plos.org/10.1371/journal.pone.0009505%20"
}


@article{akhondzadeh201022,
  author = "S. Akhondzadeh and M. S. Sabet and M. H. Harirchian and M. Togha and H. Cheraghmakani and S. Razeghi and S. S. Hejazi and M. H. Yousefi and R. Alimardani and A. Jamshidi and others",
  title = "A 22-week, multicenter, randomized, double-blind controlled trial of Crocus sativus in the treatment of mild-to-moderate Alzheimer’s disease",
  year = 2010,
  journal = "Psychopharmacology",
  publisher = "Springer",
  volume = 207,
  number = 4,
  keywords = "Crocus,RCT,Alzheimer's,saffron",
  url = "http://link.springer.com/article/10.1007/s00213-009-1706-1"
}


@article{akhondzadeh2010saffron,
  author = "S. Akhondzadeh and M. S. Sabet and M. Harirchian and M. Togha and H. Cheraghmakani and S. Razeghi and S. S. Hejazi and M. Yousefi and R. Alimardani and A. Jamshidi and others",
  title = "Saffron in the treatment of patients with mild to moderate Alzheimer’s disease: a 16-week, randomized and placebo-controlled trial",
  year = 2010,
  journal = "Journal of clinical pharmacy and therapeutics",
  publisher = "Wiley Online Library",
  volume = 35,
  number = 5,
  keywords = "RCT,Alzheimer's,saffron",
  url = "http://onlinelibrary.wiley.com/doi/10.1111/j.1365-2710.2009.01133.x/abstract"
}


@article{xue2009polygalasaponin,
  author = "W. Xue and J.-f. Hu and Y.-h. Yuan and J.-d. Sun and B.-y. Li and D.-m. Zhang and C.-j. Li and N.-h. Chen",
  title = "Polygalasaponin XXXII from Polygala tenuifolia root improves hippocampal-dependent learning and memory",
  year = 2009,
  journal = "Acta Pharmacologica Sinica",
  publisher = "Nature Publishing Group",
  volume = 30,
  number = 9,
  keywords = "Polygala,memory",
  url = "http://www.nature.com/aps/journal/v30/n9/abs/aps2009112a.html"
}


@article{kim2009chemical,
  author = "S. H. Kim and S.-D. Jang and K. Y. Lee and S. H. Sung and Y. C. Kim",
  title = "Chemical constituents isolated from Polygala japonica leaves and their inhibitory effect on nitric oxide production in vitro",
  year = 2009,
  journal = "Journal of enzyme inhibition and medicinal chemistry",
  publisher = "Taylor \& Francis",
  volume = 24,
  number = 1,
  keywords = "Polygala,in vitro",
  url = "http://www.tandfonline.com/doi/abs/10.1080/14756360802051362"
}


@article{zeng2009effect,
  author = "H. ZENG and B.-x. DENG and Y. A. N. Jie and L. I. U. Yong-ping and B. TANG",
  title = "Effect of saponins of polygala on learning, memory and activities of AchE and ChAT in hippocampus in AD Rats [J]",
  year = 2009,
  journal = "Journal of Traditional Chinese Medicine University of Hunan",
  volume = 3,
  keywords = "Polygala,memory,AChE",
  url = "http://en.cnki.com.cn/Article_en/CJFDTotal-HNZX200903011.htm"
}


@article{lin2009aqueous,
  author = "Z. Lin and Z. Xiao and D. Zhu and Y. Yan and B. Yu and Q. Wang",
  title = "Aqueous extracts of FBD, a Chinese herb formula composed of Poria cocos, Atractylodes macrocephala, and Angelica sinensis reverse scopolamine induced memory deficit in ICR mice",
  year = 2009,
  journal = "Pharmaceutical Biology",
  publisher = "Taylor \& Francis",
  volume = 47,
  number = 5,
  keywords = "Chinese,Poria,Angelica,memory",
  url = "http://www.tandfonline.com/doi/abs/10.1080/13880200902758816"
}


@article{li2009effects,
  author = "L. I. Zhi-qiang and G.-p. ZHAO",
  title = "Effects of Kaixin Powder on learning and memory performance and acetylcholine esterase mRNA expressions in vascular dementia rats [J]",
  year = 2009,
  journal = "Chinese Traditional Patent Medicine",
  volume = 8,
  keywords = "memory,dementia",
  url = "http://en.cnki.com.cn/Article_en/CJFDTotal-ZCYA200908014.htm"
}


@article{duarte2009anti,
  author = "M. C. T. Duarte and G. M. Figueira",
  title = "Anti-Candida activity of extracts and essential oils from native and exotic medicinal plants in Brazil",
  year = 2009,
  journal = "Novel Therapeutic Agents from Plants"
}


@article{subha2009vitro,
  author = "T. Subha and A. Gnanamani",
  title = "In vitro assessment of anti-dermatophytic effect of active fraction of methanolic extracts of Acorus",
  year = 2009,
  journal = "Journal of Animal \& Plant Sciences",
  volume = 5,
  number = 1,
  keywords = "Acorus,in vitro",
  url = "http://m.elewa.org/JAPS/2009/5.1/6.pdf"
}


@article{subha2009combating,
  author = "T. Subha and A. Gnanamani and others",
  title = "Combating oral candidiasis in albino rats using bioactive fraction of Acorus calamus",
  year = 2009,
  journal = "Journal of Applied Biosciences",
  publisher = "FACT Limited",
  volume = 21,
  keywords = "Acorus,calamus",
  url = "http://www.m.elewa.org/JABS/2009/21/6.pdf"
}


@article{subha2009candida,
  author = "T. Subha and A. Gnanamani and others",
  title = "Candida biofilm perfusion using active fractions of Acorus calamus",
  year = 2009,
  journal = "Journal of Animal \& Plant Sciences",
  volume = 4,
  number = 2,
  keywords = "candida,Acorus,calamus",
  url = "http://m.elewa.org/JAPS/2009/4.2/5.pdf"
}


@article{devi2009antimicrobial,
  author = "S. Devi and D. Ganjewala and others",
  title = "Antimicrobial activity of Acorus calamus (L.) rhizome and leaf extract",
  year = 2009,
  journal = "Acta biologica szegediensis",
  publisher = "University of Szeged",
  volume = 53,
  number = 1,
  keywords = "Acorus,calamus",
  url = "http://www.researchgate.net/profile/Dr_Deepak_Ganjewala/publication/236108988_Antimicrobial_activity_of_Acorus_calamus_(L.)_rhizome_and_leaf_extract/links/02e7e51600df72de29000000.pdf"
}


@article{means2009evolutionarily,
  author = "T. K. Means and E. Mylonakis and E. Tampakakis and R. A. Colvin and E. Seung and L. Puckett and M. F. Tai and C. R. Stewart and R. Pukkila-Worley and S. E. Hickman and others",
  title = "Evolutionarily conserved recognition and innate immunity to fungal pathogens by the scavenger receptors SCARF1 and CD36",
  year = 2009,
  journal = "The Journal of experimental medicine",
  publisher = "Rockefeller Univ Press",
  volume = 206,
  number = 3,
  keywords = "fungal,innate immunity",
  url = "http://jem.rupress.org/content/206/3/637.short"
}


@article{tessier2009unraveling,
  author = "P. M. Tessier and S. Lindquist",
  title = "Unraveling infectious structures, strain variants and species barriers for the yeast prion [PSI+]",
  year = 2009,
  journal = "Nature structural \& molecular biology",
  publisher = "Nature Publishing Group",
  volume = 16,
  number = 6,
  keywords = "prion,amyloid,fungus",
  url = "http://www.nature.com/articles/nsmb.1617"
}


@article{mcclatchey2009ethnobotany,
  author = "W. C. McClatchey and G. B. Mahady and B. C. Bennett and L. Shiels and V. Savo",
  title = "Ethnobotany as a pharmacological research tool and recent developments in CNS-active natural products from ethnobotanical sources",
  year = 2009,
  journal = "Pharmacology \& therapeutics",
  publisher = "Elsevier",
  volume = 123,
  number = 2,
  url = "http://www.sciencedirect.com/science/article/pii/S0163725809000795"
}


@article{kong2009hope,
  author = "D.-X. Kong and X.-J. Li and H.-Y. Zhang",
  title = "Where is the hope for drug discovery? Let history tell the future",
  year = 2009,
  journal = "Drug discovery today",
  publisher = "Elsevier",
  volume = 14,
  number = 3,
  keywords = "history,natural products,synergy,historyd,dementia",
  url = "http://www.sciencedirect.com/science/article/pii/S1359644608002638"
}


@article{ji2009natural,
  author = "H.-F. Ji and X.-J. Li and H.-Y. Zhang",
  title = "Natural products and drug discovery",
  year = 2009,
  journal = "EMBO reports",
  publisher = "EMBO Press",
  volume = 10,
  number = 3,
  keywords = "history,natural products,drug discovery",
  url = "http://embor.embopress.org/content/10/3/194.abstract"
}


@article{zhang2009age,
  author = "G.-R. Zhang and X.-R. Cheng and W.-X. Zhou and Y.-X. Zhang",
  title = "Age-related expression of calcium/calmodulin-dependent protein kinase II A in the hippocampus and cerebral cortex of senescence accelerated mouse prone/8 mice is modulated by anti--Alzheimer's disease drugs",
  year = 2009,
  journal = "Neuroscience",
  publisher = "Elsevier",
  volume = 159,
  number = 1,
  url = "http://www.sciencedirect.com/science/article/pii/S0306452208009688"
}


@article{may2009herbal,
  author = "B. H. May and M. Lit and C. C. Xue and A. W. Yang and A. L. Zhang and M. D. Owens and R. Head and L. Cobiac and C. G. Li and H. Hugel and others",
  title = "Herbal medicine for dementia: a systematic review",
  year = 2009,
  journal = "Phytotherapy research",
  publisher = "Wiley Online Library",
  volume = 23,
  number = 4,
  keywords = "dementia,review",
  url = "http://onlinelibrary.wiley.com/doi/10.1002/ptr.2656/abstract"
}


@article{zou2009prolongevity,
  author = "S. Zou and J. R. Carey and P. Liedo and D. K. Ingram and B. Yu and R. Ghaedian",
  title = "Prolongevity effects of an oregano and cranberry extract are diet dependent in the Mexican fruit fly (Anastrepha ludens)",
  year = 2009,
  journal = "The Journals of Gerontology Series A: Biological Sciences and Medical Sciences",
  publisher = "Oxford University Press",
  keywords = "oregano,longevity,animal model",
  url = "http://biomedgerontology.oxfordjournals.org/content/early/2009/11/11/gerona.glp176.short"
}


@article{palmeira2009anti,
  author = "A. Palmeira-de-Oliveira and L. Salgueiro and R. Palmeira-de-Oliveira and J. Martinez-de-Oliveira and C. Pina-Vaz and J. Queiroz and A. Rodrigues",
  title = "Anti-Candida activity of essential oils",
  year = 2009,
  journal = "Mini reviews in medicinal chemistry",
  publisher = "Bentham Science Publishers",
  volume = 9,
  number = 11,
  keywords = "candida",
  url = "http://www.ingentaconnect.com/content/ben/mrmc/2009/00000009/00000011/art00005"
}


@article{pinto2009antifungal,
  author = "E. Pinto and L. Vale-Silva and C. Cavaleiro and L. Salgueiro",
  title = "Antifungal activity of the clove essential oil from Syzygium aromaticum on Candida, Aspergillus and dermatophyte species",
  year = 2009,
  journal = "Journal of Medical Microbiology",
  publisher = "Soc General Microbiol",
  volume = 58,
  number = 11,
  keywords = "antifungal,clove,candida",
  url = "http://jmm.sgmjournals.org/content/58/11/1454.short"
}


@article{guo2009antifungal,
  author = "N. Guo and J. Liu and X. Wu and X. Bi and R. Meng and X. Wang and H. Xiang and X. Deng and L. Yu",
  title = "Antifungal activity of thymol against clinical isolates of fluconazole-sensitive and-resistant Candida albicans",
  year = 2009,
  journal = "Journal of medical microbiology",
  publisher = "Soc General Microbiol",
  volume = 58,
  number = 8,
  keywords = "antifungal,candida,thymol,oregano",
  url = "http://jmm.sgmjournals.org/content/58/8/1074.short"
}


@article{snitz2009ginkgo,
  author = "B. E. Snitz and E. S. O’Meara and M. C. Carlson and A. M. Arnold and D. G. Ives and S. R. Rapp and J. Saxton and O. L. Lopez and L. O. Dunn and K. M. Sink and others",
  title = "Ginkgo biloba for preventing cognitive decline in older adults: a randomized trial",
  year = 2009,
  journal = "Jama",
  publisher = "American Medical Association",
  volume = 302,
  number = 24,
  keywords = "Ginkgo,RCT,ineffective",
  url = "http://archsurg.jamanetwork.com/article.aspx?articleid=185120"
}


@article{liu2009modified,
  author = "P. Liu and L. Zhao and S.-L. Zhang and J.-Z. Xiang",
  title = "Modified Wendan decoction can attenuate neurotoxic action associated with Alzheimer's disease",
  year = 2009,
  journal = "Evidence-Based Complementary and Alternative Medicine",
  publisher = "Hindawi Publishing Corporation",
  volume = 6,
  number = 3,
  keywords = "Alzheimer's,Wendan,in vitro",
  url = "http://www.hindawi.com/journals/ecam/2009/195767/abs/"
}


@article{mizukami2009randomized,
  author = "K. Mizukami and T. Asada and T. Kinoshita and K. Tanaka and K. Sonohara and R. Nakai and K. Yamaguchi and H. Hanyu and K. Kanaya and T. Takao and others",
  title = "A randomized cross-over study of a traditional Japanese medicine (kampo), yokukansan, in the treatment of the behavioural and psychological symptoms of dementia",
  year = 2009,
  journal = "International Journal of Neuropsychopharmacology",
  publisher = "The Oxford University Press",
  volume = 12,
  number = 2,
  keywords = "kampo,yokukansan,dementia,Glycyrrhizae,Alzheimer's,BPSD",
  url = "http://ijnp.oxfordjournals.org/content/12/2/191.abstract"
}


@article{tabuchi2009ameliorative,
  author = "M. Tabuchi and T. Yamaguchi and S. Iizuka and S. Imamura and Y. Ikarashi and Y. Kase",
  title = "Ameliorative effects of yokukansan, a traditional Japanese medicine, on learning and non-cognitive disturbances in the Tg2576 mouse model of Alzheimer's disease",
  year = 2009,
  journal = "Journal of Ethnopharmacology",
  publisher = "Elsevier",
  volume = 122,
  number = 1,
  keywords = "yokukansan,Alzheimer's",
  url = "http://www.sciencedirect.com/science/article/pii/S0378874108007046"
}


@article{akhila2009comparative,
  author = "S. Akhila and A. Bindu and K. Bindu and N. Aleykutty",
  title = "Comparative evaluation of extracts of Citrus limon burm peel for antioxidant activity",
  year = 2009,
  journal = "Journal of young pharmacists",
  publisher = "Medknow Publications \& Media Pvt. Ltd.",
  volume = 1,
  number = 2,
  keywords = "Citrus,antioxidant"
}


@article{sikorska2009ultrastructural,
  author = "B. Sikorska and P. Liberski and T. Sobow and H. Budka and J. Ironside",
  title = "Ultrastructural study of florid plaques in variant Creutzfeldt--Jakob disease: a comparison with amyloid plaques in kuru, sporadic Creutzfeldt--Jakob disease and Gerstmann--Sträussler--Scheinker disease",
  year = 2009,
  journal = "Neuropathology and applied neurobiology",
  publisher = "Wiley Online Library",
  volume = 35,
  number = 1,
  keywords = "infection,amyloid",
  url = "http://onlinelibrary.wiley.com/doi/10.1111/j.1365-2990.2008.00959.x/pdf"
}


@article{salminen2009inflammation,
  author = "A. Salminen and J. Ojala and A. Kauppinen and K. Kaarniranta and T. Suuronen",
  title = "Inflammation in Alzheimer's disease: amyloid-$\beta$ oligomers trigger innate immunity defence via pattern recognition receptors",
  year = 2009,
  journal = "Progress in neurobiology",
  publisher = "Elsevier",
  volume = 87,
  number = 3,
  keywords = "Alzheimer's,inflammation,innate immunity",
  url = "http://www.sciencedirect.com/science/article/pii/S0301008209000185"
}


@article{monji2009effect,
  author = "A. Monji and M. Takita and T. Samejima and T. Takaishi and K. Hashimoto and H. Matsunaga and M. Oda and Y. Sumida and Y. Mizoguchi and T. Kato and others",
  title = "Effect of yokukansan on the behavioral and psychological symptoms of dementia in elderly patients with Alzheimer's disease",
  year = 2009,
  journal = "Progress in Neuro-Psychopharmacology and Biological Psychiatry",
  publisher = "Elsevier",
  volume = 33,
  number = 2,
  keywords = "dementia,yokukansan,RCT,Alzheimer's",
  url = "http://www.sciencedirect.com/science/article/pii/S027858460800376X"
}


@article{park2009poria,
  author = "Y.-H. Park and I. H. Son and B. Kim and Y.-S. Lyu and H.-I. Moon and H.-W. Kang",
  title = "Poria cocos water extract (PCW) protects PC1 2 neuronal cells from beta-amyloid-induced cell death through antioxidant and antiapoptotic functions",
  year = 2009,
  journal = "Die Pharmazie-An International Journal of Pharmaceutical Sciences",
  publisher = "Govi-Verlag",
  volume = 64,
  number = 11,
  keywords = "Poria,antioxidant,apoptosis,amyloid",
  url = "http://www.ingentaconnect.com/content/govi/pharmaz/2009/00000064/00000011/art00011"
}


@article{fatima2009antifungal,
  author = "A. Fatima and V. K. Gupta and S. Luqman and A. S. Negi and J. Kumar and K. Shanker and D. Saikia and S. Srivastava and M. Darokar and S. P. Khanuja",
  title = "Antifungal activity of Glycyrrhiza glabra extracts and its active constituent glabridin",
  year = 2009,
  journal = "Phytotherapy Research",
  publisher = "Wiley Online Library",
  volume = 23,
  number = 8,
  keywords = "antifungal,yokukansan,licorice,Glycyrrhiza"
}


@article{mori2009improving,
  author = "K. Mori and S. Inatomi and K. Ouchi and Y. Azumi and T. Tuchida",
  title = "Improving effects of the mushroom Yamabushitake (Hericium erinaceus) on mild cognitive impairment: a double-blind placebo-controlled clinical trial",
  year = 2009,
  journal = "Phytotherapy Research",
  publisher = "Wiley Online Library",
  volume = 23,
  number = 3,
  keywords = "Hericium,RCT,Alzheimer's,clinical trial",
  url = "http://onlinelibrary.wiley.com/doi/10.1002/ptr.2634/abstract"
}


@article{ray2009neuroinflammation,
  author = "B. Ray and D. K. Lahiri",
  title = "Neuroinflammation in Alzheimer's disease: different molecular targets and potential therapeutic agents including curcumin",
  year = 2009,
  journal = "Current opinion in pharmacology",
  publisher = "Elsevier",
  volume = 9,
  number = 4,
  keywords = "curcumin,Alzheimer's,review",
  url = "http://www.sciencedirect.com/science/article/pii/S1471489209000861"
}


@article{martins2009curcumin,
  author = "C. Martins and D. D. Silva and A. Neres and T. Magalhaes and G. Watanabe and L. Modolo and A. Sabino and A. D. F'atima and M. D. Resende",
  title = "Curcumin as a promising antifungal of clinical interest",
  year = 2009,
  journal = "Journal of Antimicrobial Chemotherapy",
  publisher = "Br Soc Antimicrob Chemo",
  volume = 63,
  number = 2,
  keywords = "curcumin,antifungal,assay",
  url = "http://jac.oxfordjournals.org/content/63/2/337.full"
}


@article{lin2008anti,
  author = "H. Lin and M. T. Ho and L. S. Lau and K. K. Wong and P. Shaw and D. C. Wan",
  title = "Anti-acetylcholinesterase activities of traditional Chinese medicine for treating Alzheimer's disease",
  year = 2008,
  journal = "Chemico-Biological Interactions",
  publisher = "Elsevier",
  volume = 175,
  number = 1,
  keywords = "Chinese,Alzheimer's",
  url = "http://www.sciencedirect.com/science/article/pii/S0009279708003098"
}


@article{subha2008effect,
  author = "T. Subha and A. Gnanamani",
  title = "Effect of active fraction of methanolic extract of Acorus calamus on sterol metabolism of Candida albicans",
  year = 2008,
  journal = "J. Appl. Biosci",
  volume = 8,
  keywords = "Acorus,calamus,candida",
  url = "http://m.elewa.org/JABS/2008/8(1)/3.pdf"
}


@article{grynkiewicz2008tropane,
  author = "G. Grynkiewicz and M. Gadzikowska",
  title = "Tropane alkaloids as medicinally useful natural products and their synthetic derivatives as new drugs",
  year = 2008,
  journal = "Pharmacol Rep",
  volume = 60,
  number = 4,
  url = "http://www.if-pan.krakow.pl/pjp/pdf/2008/4_439.pdf?q=chroma-2627"
}


@article{mizukami2008kampo,
  author = "K. Mizukami",
  title = "Kampo therapy as an alternative to pharmacotherapy using antipsychotic medicines for behavioral and psychological symptoms of dementia (BPSD)",
  year = 2008,
  journal = "Psychogeriatrics",
  publisher = "Wiley Online Library",
  volume = 8,
  number = 3,
  keywords = "kampo,dementia,BPSD,antipsychotic",
  url = "http://onlinelibrary.wiley.com/doi/10.1111/j.1479-8301.2008.00242.x/full"
}


@article{holliday2008medicinal,
  author = "J. C. Holliday and M. P. Cleaver",
  title = "Medicinal value of the caterpillar fungi species of the genus Cordyceps (Fr.) Link (Ascomycetes). A review",
  year = 2008,
  journal = "International Journal of Medicinal Mushrooms",
  publisher = "Begel House Inc.",
  volume = 10,
  number = 3,
  keywords = "Cordyceps,review",
  url = "http://www.dl.begellhouse.com/journals/708ae68d64b17c52,1b05160a735f1b4e,34bf0bcb5f7959a7.html"
}


@article{pozzatti2008vitro,
  author = "P. Pozzatti and L. A. Scheid and T. B. Spader and M. L. Atayde and J. M. Santurio and S. H. Alves",
  title = "In vitro activity of essential oils extracted from plants used as spices against fluconazole-resistant and fluconazole-susceptible Candida spp.",
  year = 2008,
  journal = "Canadian journal of microbiology",
  publisher = "NRC Research Press",
  volume = 54,
  number = 11,
  keywords = "Fluconazole-resistant,candida,oregano,antifungal,thyme,salvia,ginger",
  url = "http://www.nrcresearchpress.com/doi/abs/10.1139/w08-097"
}


@article{dekosky2008ginkgo,
  author = "S. T. DeKosky and J. D. Williamson and A. L. Fitzpatrick and R. A. Kronmal and D. G. Ives and J. A. Saxton and O. L. Lopez and G. Burke and M. C. Carlson and L. P. Fried and others",
  title = "Ginkgo biloba for prevention of dementia: a randomized controlled trial",
  year = 2008,
  journal = "Jama",
  publisher = "American Medical Association",
  volume = 300,
  number = 19,
  keywords = "dementia,Ginkgo,RCT,ineffective",
  url = "http://jama.jamanetwork.com/article.aspx?articleid=182920&post=-23376781_916"
}


@article{ulbricht2008clinical,
  author = "C. Ulbricht and W. Chao and D. Costa and E. Rusie-Seamon and W. Weissner and J. Woods",
  title = "Clinical evidence of herb-drug interactions: a systematic review by the natural standard research collaboration",
  year = 2008,
  journal = "Current drug metabolism",
  publisher = "Bentham Science Publishers",
  volume = 9,
  number = 10,
  keywords = "review",
  url = "http://www.ingentaconnect.com/content/ben/cdm/2008/00000009/00000010/art00009"
}


@article{mori2008nerve,
  author = "K. Mori and Y. Obara and M. Hirota and Y. Azumi and S. Kinugasa and S. Inatomi and N. Nakahata",
  title = "Nerve growth factor-inducing activity of Hericium erinaceus in 1321N1 human astrocytoma cells",
  year = 2008,
  journal = "Biological and Pharmaceutical Bulletin",
  publisher = "The Pharmaceutical Society of Japan",
  volume = 31,
  number = 9,
  keywords = "Hericium"
}


@article{hwang2008neuroprotective,
  author = "S.-L. Hwang and G.-C. Yen",
  title = "Neuroprotective effects of the citrus flavanones against H2O2-induced cytotoxicity in PC12 cells",
  year = 2008,
  journal = "Journal of agricultural and food chemistry",
  publisher = "ACS Publications",
  volume = 56,
  number = 3,
  keywords = "neuroprotective,Citrus"
}


@article{matsuzaki2008nobiletin,
  author = "K. Matsuzaki and K. Miyazaki and S. Sakai and H. Yawo and N. Nakata and S. Moriguchi and K. Fukunaga and A. Yokosuka and Y. Sashida and Y. Mimaki and others",
  title = "Nobiletin, a citrus flavonoid with neurotrophic action, augments protein kinase A-mediated phosphorylation of the AMPA receptor subunit, GluR1, and the postsynaptic receptor response to glutamate in murine hippocampus",
  year = 2008,
  journal = "European journal of pharmacology",
  publisher = "Elsevier",
  volume = 578,
  number = 2,
  keywords = "Citrus,flavonoid"
}


@article{kobayashi2008plaque,
  author = "A. Kobayashi and K. Arima and M. Ogawa and M. Murata and T. Fukuda and T. Kitamoto",
  title = "Plaque-type deposition of prion protein in the damaged white matter of sporadic Creutzfeldt-Jakob disease MM1 patients",
  year = 2008,
  journal = "Acta neuropathologica",
  publisher = "Springer",
  volume = 116,
  number = 5,
  keywords = "prion,infection",
  url = "http://link.springer.com/article/10.1007%2Fs00401-008-0425-8"
}


@article{kawagishi2008compounds,
  author = "H. Kawagishi and C. Zhuang and R. Yunoki",
  title = "Compounds for dementia from Hericium erinaceum",
  year = 2008,
  journal = "Drugs of the Future",
  publisher = "[Barcelona, Spain sn]",
  volume = 33,
  number = 2,
  keywords = "dementia,Hericium",
  url = "https://journals.prous.com/journals/servlet/xmlxsl/pk_journals.xml_article_pr?p_JournalId=2&p_RefId=1173290&p_IsPs=N&p_ispdf=N"
}


@article{onozuka2008nobiletin,
  author = "H. Onozuka and A. Nakajima and K. Matsuzaki and R.-W. Shin and K. Ogino and D. Saigusa and N. Tetsu and A. Yokosuka and Y. Sashida and Y. Mimaki and others",
  title = "Nobiletin, a citrus flavonoid, improves memory impairment and A$\beta$ pathology in a transgenic mouse model of Alzheimer's disease",
  year = 2008,
  journal = "Journal of Pharmacology and Experimental Therapeutics",
  publisher = "ASPET",
  volume = 326,
  number = 3,
  keywords = "Alzheimer's,animal model,memory,flavonoid,Citrus,amyloid",
  url = "http://jpet.aspetjournals.org/content/326/3/739.short"
}


@article{lai2008antagonizing,
  author = "C. S.-W. Lai and M.-S. Yu and W.-H. Yuen and K.-F. So and S.-Y. Zee and R. C.-C. Chang",
  title = "Antagonizing $\beta$-amyloid peptide neurotoxicity of the anti-aging fungus Ganoderma lucidum",
  year = 2008,
  journal = "Brain research",
  publisher = "Elsevier",
  volume = 1190,
  keywords = "ganoderma,Alzheimer's,assay,amyloid,neurotoxicity,fungus",
  url = "http://www.sciencedirect.com/science/article/pii/S0006899307026480"
}


@article{begum2008curcumin,
  author = "A. N. Begum and M. R. Jones and G. P. Lim and T. Morihara and P. Kim and D. D. Heath and C. L. Rock and M. A. Pruitt and F. Yang and B. Hudspeth and others",
  title = "Curcumin structure-function, bioavailability, and efficacy in models of neuroinflammation and Alzheimer's disease",
  year = 2008,
  journal = "Journal of Pharmacology and Experimental Therapeutics",
  publisher = "ASPET",
  volume = 326,
  number = 1,
  keywords = "curcumin,Alzheimer's,animal model",
  url = "http://jpet.aspetjournals.org/content/326/1/196.short"
}


@article{mishra2008effect,
  author = "S. Mishra and K. Palanivelu",
  title = "The effect of curcumin (turmeric) on Alzheimer's disease: An overview",
  year = 2008,
  journal = "Annals of Indian Academy of Neurology",
  publisher = "Medknow Publications",
  volume = 11,
  number = 1,
  keywords = "Alzheimer's,curcumin,turmeric,review",
  url = "http://www.ncbi.nlm.nih.gov/pmc/articles/pmc2781139/"
}


@article{baum2008six,
  author = "L. Baum and C. W. K. Lam and S. K.-K. Cheung and T. Kwok and V. Lui and J. Tsoh and L. Lam and V. Leung and E. Hui and C. Ng and others",
  title = "Six-month randomized, placebo-controlled, double-blind, pilot clinical trial of curcumin in patients with Alzheimer disease",
  year = 2008,
  journal = "Journal of clinical psychopharmacology",
  publisher = "LWW",
  volume = 28,
  number = 1,
  keywords = "curcumin,Alzheimer's,RCT,turmeric",
  url = "http://journals.lww.com/psychopharmacology/Abstract/2008/02000/Six_Month_Randomized,_Placebo_Controlled,.25.aspx"
}


@article{doi:10.1021/jf0735073,
  author = "M. Singh and M. Arseneault and T. Sanderson and V. Murthy and C. Ramassamy",
  title = "Challenges for Research on Polyphenols from Foods in Alzheimer's Disease: Bioavailability, Metabolism, and Cellular and Molecular Mechanisms",
  year = 2008,
  journal = "Journal of Agricultural and Food Chemistry",
  volume = 56,
  number = 13,
  keywords = "antioxidant,Alzheimer's,polyphenols,review,oregano,turmeric",
  doi = "10.1021/jf0735073",
  url = "http://dx.doi.org/10.1021/jf0735073",
  note = "PMID: 18557624"
}


@article{sun2007effect,
  author = "X.-L. Sun and H. Ito and T. Masuoka and C. Kamei and T. Hatano",
  title = "Effect of Polygala tenuifolia root extract on scopolamine-induced impairment of rat spatial cognition in an eight-arm radial maze task",
  year = 2007,
  journal = "Biological and Pharmaceutical Bulletin",
  publisher = "The Pharmaceutical Society of Japan",
  volume = 30,
  number = 9,
  keywords = "Polygala",
  url = "http://jlc.jst.go.jp/DN/JALC/00298800184?from=Google"
}


@article{asai2007berberine,
  author = "M. Asai and N. Iwata and A. Yoshikawa and Y. Aizaki and S. Ishiura and T. C. Saido and K. Maruyama",
  title = "Berberine alters the processing of Alzheimer’s amyloid precursor protein to decrease A$\beta$ secretion",
  year = 2007,
  journal = "Biochemical and biophysical research communications",
  publisher = "Elsevier",
  volume = 352,
  number = 2,
  keywords = "berberine,Alzheimer's,amyloid",
  url = "http://www.sciencedirect.com/science/article/pii/S0006291X06025150"
}


@article{jung2007ache,
  author = "J. Jung and S. Lee",
  title = "AChE inhibitory effect and antioxidative activity of submerged cultured products from Hericium erinaceum",
  year = 2007,
  journal = "Korean Journal of Biotechnology and Bioengineering",
  keywords = "AChE,Hericium",
  url = "http://agris.fao.org/agris-search/search.do?recordID=KR2008002803"
}


@article{lin2007experimental,
  author = "L. I. N. Hui-guang and D. U. Jian and L.-l. ZHANG and others",
  title = "Experimental Study of Flavor Adjuvant Treatment of Volatile Oil of Acorus Gramineus for Alzheimer's Disease Rats [J]",
  year = 2007,
  journal = "Journal of Fujian College of Traditional Chinese Medicine",
  volume = 4,
  keywords = "Acorus,Alzheimer's",
  url = "http://en.cnki.com.cn/Article_en/CJFDTOTAL-FYXB200704010.htm"
}


@article{sekine2007antifungal,
  author = "T. Sekine and M. Sugano and A. Majid and Y. Fujii",
  title = "Antifungal effects of volatile compounds from black zira (Bunium persicum) and other spices and herbs",
  year = 2007,
  journal = "Journal of chemical ecology",
  publisher = "Springer",
  volume = 33,
  number = 11,
  keywords = "antifungal",
  url = "http://link.springer.com/article/10.1007/s10886-007-9374-2"
}


@article{heneka2007inflammatory,
  author = "M. T. Heneka and M. K. O'Banion",
  title = "Inflammatory processes in Alzheimer's disease",
  year = 2007,
  journal = "Journal of neuroimmunology",
  publisher = "Elsevier",
  volume = 184,
  number = 1,
  keywords = "Alzheimer's",
  url = "http://www.sciencedirect.com/science/article/pii/S016557280600470X"
}


@article{higashi2007effect,
  author = "K. Higashi and H. Rakugi and H. Yu and A. Moriguchi and T. Shintani and T. Ogihara",
  title = "Effect of kihito extract granules on cognitive function in patients with Alzheimer's-type dementia",
  year = 2007,
  journal = "Geriatrics \& Gerontology International",
  publisher = "Wiley Online Library",
  volume = 7,
  number = 3,
  keywords = "dementia,kihito,kampo",
  url = "http://onlinelibrary.wiley.com/doi/10.1111/j.1447-0594.2007.00407.x/full"
}


@article{mukherjee2007acetylcholinesterase,
  author = "P. K. Mukherjee and V. Kumar and M. Mal and P. J. Houghton",
  title = "Acetylcholinesterase inhibitors from plants",
  year = 2007,
  journal = "Phytomedicine",
  publisher = "Elsevier",
  volume = 14,
  number = 4,
  keywords = "acetylcholinesterase,AChE",
  url = "http://www.sciencedirect.com/science/article/pii/S094471130700030X"
}


@article{dugoua2007type,
  author = "J.-J. Dugoua and D. Seely and D. Perri and K. Cooley and T. Forelli and E. Mills and G. Koren",
  title = "From type 2 diabetes to antioxidant activity: a systematic review of the safety and efficacy of common and cassia cinnamon bark This article is one of a selection of papers published in this special issue (part 1 of 2) on the Safety and Efficacy of Natural Health Products.",
  year = 2007,
  journal = "Canadian journal of physiology and pharmacology",
  publisher = "NRC Research Press",
  volume = 85,
  number = 9,
  keywords = "antioxidant,review,cinnamon,cassia,antifungal,candida",
  url = "http://www.nrcresearchpress.com/doi/abs/10.1139/Y07-080"
}


@article{imtiaj2007screening,
  author = "A. Imtiaj and T.-S. Lee",
  title = "Screening of antibacterial and antifungal activities from Korean wild mushrooms",
  year = 2007,
  journal = "World journal of agricultural sciences",
  volume = 3,
  number = 3,
  keywords = "antifungal",
  url = "http://idosi.org/wjas/wjas3(3)/9.pdf"
}


@article{nakajima2007nobiletin,
  author = "A. Nakajima and T. Yamakuni and M. Haraguchi and N. Omae and S.-Y. Song and C. Kato and O. Nakagawasai and T. Tadano and A. Yokosuka and Y. Mimaki and others",
  title = "Nobiletin, a citrus flavonoid that improves memory impairment, rescues bulbectomy-induced cholinergic neurodegeneration in mice",
  year = 2007,
  journal = "Journal of pharmacological sciences",
  publisher = "公益社団法人 日本薬理学会",
  volume = 105,
  number = 1,
  keywords = "Citrus,flavonoid,memory,neurodegeneration"
}


@article{conforti2007vitro,
  author = "F. Conforti and G. A. Statti and R. Tundis and M. R. Loizzo and F. Menichini",
  title = "In vitro activities of Citrus medica L. cv. Diamante (Diamante citron) relevant to treatment of diabetes and Alzheimer's disease",
  year = 2007,
  journal = "Phytotherapy Research",
  publisher = "Wiley Online Library",
  volume = 21,
  number = 5,
  keywords = "Citrus,Alzheimer's"
}


@article{razay2007metabolic,
  author = "G. Razay and A. Vreugdenhil and G. Wilcock",
  title = "The metabolic syndrome and Alzheimer disease",
  year = 2007,
  journal = "Archives of Neurology",
  publisher = "American Medical Association",
  volume = 64,
  number = 1,
  keywords = "metabolic syndrome,Alzheimer's",
  url = "http://www.ncbi.nlm.nih.gov/pubmed/17210814"
}


@article{mukherjee2007vitro,
  author = "P. K. Mukherjee and V. Kumar and M. Mal and P. J. Houghton",
  title = "In vitro acetylcholinesterase inhibitory activity of the essential oil from Acorus calamus and its main constituents",
  year = 2007,
  journal = "Planta medica",
  publisher = "GEORG THIEME VERLAG",
  volume = 73,
  number = 3,
  keywords = "calamus,in vitro,Acorus,acetylcholinesterase",
  url = "http://www.researchgate.net/profile/Kumar_Venkatesan2/publication/6519031_In_vitro_acetylcholinesterase_inhibitory_activity_of_the_essential_oil_from_Acorus_calamus_and_its_main_constituents/links/00b4951b7259d65d54000000.pdf"
}


@article{kim2006p,
  author = "S. Kim and H. Jung and J. Yi and J. Lee and K. Shin and G. Lee and Y. Suh and Y. Kim",
  title = "P. 5. a. 003 Effect of functional diet BT-11 (Polygala tenuifolia Willdenow) on subjective memory impairment and mild cognitive impairment in older people",
  year = 2006,
  journal = "European Neuropsychopharmacology",
  publisher = "Elsevier",
  volume = 16,
  keywords = "Polygala,memory"
}


@article{cheng2006antidepressant,
  author = "M.-C. Cheng and C.-Y. Li and H.-C. Ko and F.-N. Ko and Y.-L. Lin and T.-S. Wu",
  title = "Antidepressant principles of the roots of Polygala tenuifolia",
  year = 2006,
  journal = "Journal of natural products",
  publisher = "ACS Publications",
  volume = 69,
  number = 9,
  keywords = "antidepressant,Polygala",
  url = "http://pubs.acs.org/doi/abs/10.1021/np060207r"
}


@article{zhang2006effect,
  author = "Y.-c. Zhang and L.-w. Wang",
  title = "Effect of extracts from Polygala tenuifolia on learning and memory abilities of mice",
  year = 2006,
  journal = "CHINESE NEW DRUGS JOURNAL",
  publisher = "GAI-KAN Bianjibu",
  volume = 15,
  number = 15,
  keywords = "Polygala,memory",
  url = "http://en.cnki.com.cn/Article_en/CJFDTOTAL-ZXYZ200615009.htm"
}


@article{naito2006characterization,
  author = "R. Naito and C. Tohda",
  title = "Characterization of Anti-neurodegenerative Effects of Polygala tenuifolia in A. BETA.(25-35)-Treated Cortical Neurons",
  year = 2006,
  journal = "Biological and Pharmaceutical Bulletin",
  publisher = "The Pharmaceutical Society of Japan",
  volume = 29,
  number = 9,
  keywords = "Polygala",
  url = "http://jlc.jst.go.jp/DN/JALC/00283280823?from=Google"
}


@article{zhu2006berberine,
  author = "F. Zhu and C. Qian",
  title = "Berberine chloride can ameliorate the spatial memory impairment and increase the expression of interleukin-1beta and inducible nitric oxide synthase in the rat model of Alzheimer's disease",
  year = 2006,
  journal = "BMC neuroscience",
  publisher = "BioMed Central Ltd",
  volume = 7,
  number = 1,
  keywords = "berberine,memory,Alzheimer's",
  url = "http://www.biomedcentral.com/1471-2202/7/78/"
}


@article{esposito2006marijuana,
  author = "G. Esposito and D. D. Filippis and R. Carnuccio and A. A. Izzo and T. Iuvone",
  title = "The marijuana component cannabidiol inhibits $\beta$-amyloid-induced tau protein hyperphosphorylation through Wnt/$\beta$-catenin pathway rescue in PC12 cells",
  year = 2006,
  journal = "Journal of molecular medicine",
  publisher = "Springer",
  volume = 84,
  number = 3,
  keywords = "tau"
}


@article{kawagishi2006erinacines,
  author = "H. Kawagishi and A. Masui and S. Tokuyama and T. Nakamura",
  title = "Erinacines J and K from the mycelia of Hericium erinaceum",
  year = 2006,
  journal = "Tetrahedron",
  publisher = "Elsevier",
  volume = 62,
  number = 36,
  keywords = "Hericium",
  url = "http://www.sciencedirect.com/science/article/pii/S0040402006010362"
}


@article{jiang2006protective,
  author = "Y. Jiang and Y. Fang and Y. He",
  title = "Protective effect of combination of effective components in Acorus tatarinowii on PC12 cell injuryed by beta amyloid protein",
  year = 2006,
  journal = "Traditional Chinese Drug Research and Clinical Pharmacology",
  volume = 17,
  number = 5,
  keywords = "Acorus,amyloid",
  url = "http://en.cnki.com.cn/Article_en/CJFDTOTAL-ZYXY200605007.htm"
}


@article{akira2006pathogen,
  author = "S. Akira and S. Uematsu and O. Takeuchi",
  title = "Pathogen recognition and innate immunity",
  year = 2006,
  journal = "Cell",
  publisher = "Elsevier",
  volume = 124,
  number = 4,
  keywords = "innate immunity",
  url = "http://www.sciencedirect.com/science/article/pii/S0092867406001905"
}


@article{soto2006amyloids,
  author = "C. Soto and L. Estrada and J. Castilla",
  title = "Amyloids, prions and the inherent infectious nature of misfolded protein aggregates",
  year = 2006,
  journal = "Trends in biochemical sciences",
  publisher = "Elsevier",
  volume = 31,
  number = 3,
  keywords = "amyloid,fungal infection,Alzheimer's",
  url = "http://www.sciencedirect.com/science/article/pii/S0968000406000235"
}


@article{requena2006effects,
  author = "C. Requena and F. Maestu and P. Campo and A. Fernandez and T. Ortiz",
  title = "Effects of cholinergic drugs and cognitive training on dementia: 2-year follow-up",
  year = 2006,
  journal = "Dementia and geriatric cognitive disorders",
  publisher = "Karger Publishers",
  volume = 22,
  number = 4,
  keywords = "cholinergic,dementia,AChE",
  url = "http://www.karger.com/Article/FullText/95600"
}


@article{von2006antibacterial,
  author = "F. von Nussbaum and M. Brands and B. Hinzen and S. Weigand and D. Häbich",
  title = "Antibacterial natural products in medicinal chemistry—exodus or revival?",
  year = 2006,
  journal = "Angewandte Chemie International Edition",
  publisher = "Wiley Online Library",
  volume = 45,
  number = 31,
  keywords = "antibiotics,natural products",
  url = "http://onlinelibrary.wiley.com/doi/10.1002/anie.200600350/full"
}


@article{barbosa2006natural,
  author = "J. M. B. Filho and K. C. P. Medeiros and M. de F. F. Diniz and L. M. Batista and P. F. Athayde-Filho and M. S. Silva and E. V. d. Cunha and J. R. Almeida and L. J. Quintans-J\'unior",
  title = "Natural products inhibitors of the enzyme acetylcholinesterase",
  year = 2006,
  journal = "Revista Brasileira de Farmacognosia",
  publisher = "SciELO Brasil",
  volume = 16,
  number = 2,
  keywords = "acetylcholinesterase,AChE,natural products",
  url = "http://www.scielo.br/scielo.php?pid=S0102-695X2006000200021&script=sci_arttext"
}


@article{mizukami2006five,
  author = "K. Mizukami and K. Hatanaka and Y. Tanaka and T. Asada",
  title = "Five cases of Alzheimer's type dementia showing behavioral and psychological symptoms of dementia (BPSD) successfully treated with Yokukansan",
  year = 2006,
  journal = "Kampo Med",
  volume = 57,
  keywords = "Alzheimer's,dementia,BPSD,yokukansan"
}


@article{naito2006recovery,
  author = "R. Naito and C. Tohda and T. Yokozawa",
  title = "Recovery from memory disorder by Kampo formula Kihi-to in Alzheimer's disease model mice",
  year = 2006,
  journal = "JAPANESE JOURNAL OF NEUROPSYCHOPHARMACOLOGY-TOKYO-JAPANESE SOCIETY OF NEUROPSYCHOPHARMACOLOGY-",
  volume = 26,
  keywords = "memory,kampo,Alzheimer's"
}


@article{fujiwara2006uncaria,
  author = "H. Fujiwara and K. Iwasaki and K. Furukawa and T. Seki and M. He and M. Maruyama and N. Tomita and Y. Kudo and M. Higuchi and T. C. Saido and others",
  title = "Uncaria rhynchophylla, a Chinese medicinal herb, has potent antiaggregation effects on Alzheimer's $\beta$-amyloid proteins",
  year = 2006,
  journal = "Journal of neuroscience research",
  publisher = "Wiley Online Library",
  volume = 84,
  number = 2,
  keywords = "Alzheimer's,yokukansan,Uncaria,amyloid,in vitro",
  url = "http://onlinelibrary.wiley.com/doi/10.1002/jnr.20891/full"
}


@article{spelman2006modulation,
  author = "K. Spelman and J. Burns and D. Nichols and N. Winters and S. Ottersberg and M. Tenborg",
  title = "Modulation of cytokine expression by traditional medicines: a review of herbal immunomodulators",
  year = 2006,
  journal = "Alternative Medicine Review",
  publisher = "THORNE RESEARCH INC.",
  volume = 11,
  number = 2,
  keywords = "review,cytokines",
  url = "http://www.lab1.no/images/Marketing/Forskning/Modulation%20of%20Cytokine%20Expression%20by%20Traditional%20Medicine.%20A%20Review%20of%20Herbal%20Immunomodulators.pdf"
}


@article{santos2006use,
  author = "L. L. d. Santos-Neto and M. A. de V. Toledo and P. Medeiros-Souza and G. A. de Souza",
  title = "The use of herbal medicine in Alzheimer's disease—a systematic review",
  year = 2006,
  journal = "Evidence-Based Complementary and Alternative Medicine",
  publisher = "Hindawi Publishing Corporation",
  volume = 3,
  number = 4,
  keywords = "Alzheimer's,review,yokukansan,salvia,melissa",
  url = "http://www.hindawi.com/journals/ecam/2006/429564/abs/"
}


@article{nunomura2006involvement,
  author = "A. Nunomura and R. J. Castellani and X. Zhu and P. I. Moreira and G. Perry and M. A. Smith",
  title = "Involvement of oxidative stress in Alzheimer disease",
  year = 2006,
  journal = "Journal of Neuropathology \& Experimental Neurology",
  publisher = "LWW",
  volume = 65,
  number = 7,
  keywords = "Alzheimer's",
  url = "http://journals.lww.com/jneuropath/Abstract/2006/07000/Involvement_of_Oxidative_Stress_in_Alzheimer.1.aspx"
}


@article{nagai2006dilinoleoyl,
  author = "K. Nagai and A. Chiba and T. Nishino and T. Kubota and H. Kawagishi",
  title = "Dilinoleoyl-phosphatidylethanolamine from Hericium erinaceum protects against ER stress-dependent Neuro2a cell death via protein kinase C pathway",
  year = 2006,
  journal = "The Journal of nutritional biochemistry",
  publisher = "Elsevier",
  volume = 17,
  number = 8,
  keywords = "Hericium"
}


@article{zhang2006curcuminoids,
  author = "L. Zhang and M. Fiala and J. Cashman and J. Sayre and A. Espinosa and M. Mahanian and J. Zaghi and V. Badmaev and M. C. Graves and G. Bernard and others",
  title = "Curcuminoids enhance amyloid-beta uptake by macrophages of Alzheimer's disease patients",
  year = 2006,
  journal = "Journal of Alzheimer's disease",
  publisher = "Amsterdam: IOS Press, c1998-",
  volume = 10,
  number = 1,
  keywords = "turmeric,Alzheimer's",
  url = "http://www.ncbi.nlm.nih.gov/pubmed/16988474"
}


@article{ng2006curry,
  author = "T.-P. Ng and P.-C. Chiam and T. Lee and H.-C. Chua and L. Lim and E.-H. Kua",
  title = "Curry consumption and cognitive function in the elderly",
  year = 2006,
  journal = "American journal of epidemiology",
  publisher = "Oxford Univ Press",
  volume = 164,
  number = 9,
  keywords = "turmeric,cognitive function",
  url = "http://www.ncbi.nlm.nih.gov/pubmed/16870699"
}


@article{sastre2006contribution,
  author = "M. Sastre and T. Klockgether and M. T. Heneka",
  title = "Contribution of inflammatory processes to Alzheimer's disease: molecular mechanisms",
  year = 2006,
  journal = "International Journal of Developmental Neuroscience",
  publisher = "Elsevier",
  volume = 24,
  number = 2,
  keywords = "Alzheimer's,inflammation",
  url = "http://www.sciencedirect.com/science/article/pii/S0736574805001474"
}


@article{tabanca2006chemical,
  author = "N. Tabanca and B. Demirci and K. H. C. Baser and Z. Aytac and M. Ekici and S. I. Khan and M. R. Jacob and D. E. Wedge",
  title = "Chemical composition and antifungal activity of Salvia macrochlamys and Salvia recognita essential oils",
  year = 2006,
  journal = "Journal of agricultural and food chemistry",
  publisher = "ACS Publications",
  volume = 54,
  number = 18,
  keywords = "antifungal,salvia",
  url = "http://www.ncbi.nlm.nih.gov/pubmed/16939314"
}


@article{matsuzaki2006nobiletin,
  author = "K. Matsuzaki and T. Yamakuni and M. Hashimoto and A. M. Haque and O. Shido and Y. Mimaki and Y. Sashida and Y. Ohizumi",
  title = "Nobiletin restoring $\beta$-amyloid-impaired CREB phosphorylation rescues memory deterioration in Alzheimer's disease model rats",
  year = 2006,
  journal = "Neuroscience letters",
  publisher = "Elsevier",
  volume = 400,
  number = 3,
  keywords = "memory,Alzheimer's,Citrus,flavonoid",
  url = "http://www.sciencedirect.com/science/article/pii/S0304394006002023"
}


@article{dai2006fruit,
  author = "Q. Dai and A. R. Borenstein and Y. Wu and J. C. Jackson and E. B. Larson",
  title = "Fruit and vegetable juices and Alzheimer’s disease: the Kame Project",
  year = 2006,
  journal = "The American journal of medicine",
  publisher = "Elsevier",
  volume = 119,
  number = 9,
  keywords = "Alzheimer's,flavonoid",
  url = "http://www.sciencedirect.com/science/article/pii/S0002934306006772"
}


@article{dhingra2006comparative,
  author = "D. Dhingra and M. Parle and S. Kulkarni",
  title = "Comparative brain cholinesterase-inhibiting activity of Glycyrrhiza glabra, Myristica fragrans, ascorbic acid, and metrifonate in mice",
  year = 2006,
  journal = "Journal of medicinal food",
  publisher = "Mary Ann Liebert, Inc. 2 Madison Avenue Larchmont, NY 10538 USA",
  volume = 9,
  number = 2,
  keywords = "licorice,Glycyrrhiza,AchEI",
  url = "http://online.liebertpub.com/doi/abs/10.1089/jmf.2006.9.281"
}


@article{phongpaichit2005antimicrobial,
  author = "S. Phongpaichit and N. Pujenjob and V. Rukachaisirikul and M. Ongsakul",
  title = "Antimicrobial activities of the crude methanol extract of Acorus calamus Linn",
  year = 2005,
  journal = "Songklanakarin J. Sci. Technol",
  volume = 27,
  number = 2,
  keywords = "Acorus,calamus",
  url = "http://www.sjst.psu.ac.th/journal/thai-herbs-pdf/08-Acorus-calamus-Linn.pdf"
}


@article{viriyakosol2005innate,
  author = "S. Viriyakosol and J. Fierer and G. D. Brown and T. N. Kirkland",
  title = "Innate immunity to the pathogenic fungus Coccidioides posadasii is dependent on Toll-like receptor 2 and Dectin-1",
  year = 2005,
  journal = "Infection and immunity",
  publisher = "Am Soc Microbiol",
  volume = 73,
  number = 3,
  keywords = "fungus",
  url = "http://iai.asm.org/content/73/3/1553.short"
}


@article{gebbink2005amyloids,
  author = "M. F. Gebbink and D. Claessen and B. Bouma and L. Dijkhuizen and H. A. Wösten",
  title = "Amyloids—a functional coat for microorganisms",
  year = 2005,
  journal = "Nature reviews microbiology",
  publisher = "Nature Publishing Group",
  volume = 3,
  number = 4,
  keywords = "amyloid,fungal",
  url = "http://www.nature.com/nrmicro/journal/v3/n4/abs/nrmicro1127.html"
}


@article{hauwel2005innate,
  author = "M. Hauwel and E. Furon and C. Canova and M. Griffiths and J. Neal and P. Gasque",
  title = "Innate (inherent) control of brain infection, brain inflammation and brain repair: the role of microglia, astrocytes,“protective” glial stem cells and stromal ependymal cells",
  year = 2005,
  journal = "Brain research reviews",
  publisher = "Elsevier",
  volume = 48,
  number = 2,
  keywords = "inflammation,fungal infection,neuroinflammation,innate immunity",
  url = "http://www.sciencedirect.com/science/article/pii/S0165017304001894"
}


@article{iwasaki2005randomized,
  author = "K. Iwasaki and T. Satoh-Nakagawa and M. Maruyama and Y. Monma and M. Nemoto and N. Tomita and H. Tanji and H. Fujiwara and T. Seki and M. Fujii and others",
  title = "A Randomized, observer-blind, controlled trial of the traditional Chinese medicine Yi-Gan San for improvement of behavioral and psychological symptoms and activities of daily living in dementia",
  year = 2005,
  journal = "Journal of Clinical Psychiatry",
  publisher = "[Memphis, Tenn., Physicians Postgraduate Press]",
  volume = 66,
  number = 2,
  keywords = "dementia,yokukansan,RCT,BPSD",
  url = "http://www.researchgate.net/profile/Takashi_Seki/publication/8027982_A_randomized_observer-blind_controlled_trial_of_the_traditional_Chinese_medicine_Yi-Gan_San_for_improvement_of_behavioral_and_psychological_symptoms_and_activities_of_daily_living_in_dementia_patients/links/0c96052cd1cfd50146000000.pdf"
}


@article{satoh2005randomized,
  author = "N. Satoh and S. Sakai and T. Kogure and E. Tahara and H. Origasa and Y. Shimada and K. Kohoda and T. Okubo and K. Terasawa",
  title = "A randomized double blind placebo-controlled clinical trial of Hochuekkito, a traditional herbal medicine, in the treatment of elderly patients with weakness N of one and responder restricted design",
  year = 2005,
  journal = "Phytomedicine",
  publisher = "Elsevier",
  volume = 12,
  number = 8,
  keywords = "RCT,kampo,Hochuekkito",
  url = "http://www.sciencedirect.com/science/article/pii/S0944711305000462"
}


@article{houghton2005natural,
  author = "P. Houghton and M.-J. Howes",
  title = "Natural products and derivatives affecting neurotransmission relevant to Alzheimer’s and Parkinson’s disease",
  year = 2005,
  journal = "Neurosignals",
  publisher = "Karger Publishers",
  volume = 14,
  number = 12,
  keywords = "Alzheimer's,NPs,AChE,review,Parkinson's,natural products",
  url = "http://www.karger.com/Article/FullText/85382"
}


@article{anekonda2005can,
  author = "T. S. Anekonda and P. H. Reddy",
  title = "Can herbs provide a new generation of drugs for treating Alzheimer's disease?",
  year = 2005,
  journal = "Brain Research Reviews",
  publisher = "Elsevier",
  volume = 50,
  number = 2,
  keywords = "Alzheimer's",
  url = "http://www.sciencedirect.com/science/article/pii/S0165017305001190"
}


@article{hayashi2005effects,
  author = "H. Hayashi and M. Tohda and H. Watanabe and Y. Murakami and K. Matsumoto",
  title = "The effects of Choto-san on the mRNA expression of Alzheimer's disease related factors in the permanent ischemic rat brain",
  year = 2005,
  journal = "Biological and Pharmaceutical Bulletin",
  publisher = "公益社団法人 日本薬学会",
  volume = 28,
  number = 4,
  keywords = "Alzheimer's",
  url = "http://jlc.jst.go.jp/JST.JSTAGE/bpb/28.744?from=Google"
}


@article{zhao2005ganoderma,
  author = "H.-B. Zhao and S.-Z. Wang and Q.-h. He and L. Yuan and A. F. Chen and Z.-B. Lin",
  title = "Ganoderma total sterol (GS) and GS 1 protect rat cerebral cortical neurons from hypoxia/reoxygenation injury",
  year = 2005,
  journal = "Life sciences",
  publisher = "Elsevier",
  volume = 76,
  number = 9,
  keywords = "ganoderma",
  url = "http://www.sciencedirect.com/science/article/pii/S0024320504009063"
}


@article{ootomo2005clinical,
  author = "E. Ootomo",
  title = "Clinical effects of Hericium erinaceum on Alzheimer’s disease",
  year = 2005,
  journal = "Health Industry News",
  keywords = "Hericium,Alzheimer's"
}


@article{hoozemans2005role,
  author = "J. J. Hoozemans and M. K. O'Banion",
  title = "The role of COX-1 and COX-2 in Alzheimer's disease pathology and the therapeutic potentials of non-steroidal anti-inflammatory drugs",
  year = 2005,
  journal = "Current Drug Targets-CNS \& Neurological Disorders",
  publisher = "Bentham Science Publishers",
  volume = 4,
  number = 3,
  keywords = "COX-2,Alzheimer's",
  url = "http://www.ncbi.nlm.nih.gov/pubmed/15975032"
}


@article{ikeya2004cognitive,
  author = "Y. Ikeya and S. Takeda and M. Tunakawa and H. Karakida and K. Toda and T. Yamaguchi and M. Aburada",
  title = "Cognitive improving and cerebral protective effects of acylated oligosaccharides in Polygala tenuifolia",
  year = 2004,
  journal = "Biological and Pharmaceutical Bulletin",
  publisher = "The Pharmaceutical Society of Japan",
  volume = 27,
  number = 7,
  keywords = "Polygala",
  url = "http://jlc.jst.go.jp/DN/JALC/00239730488?from=Google"
}


@article{jia2004tenuigenin,
  author = "H. Jia and Y. Jiang and Y. Ruan and Y. Zhang and X. Ma and J. Zhang and K. Beyreuther and P. Tu and D. Zhang",
  title = "Tenuigenin treatment decreases secretion of the Alzheimer’s disease amyloid $\beta$-protein in cultured cells",
  year = 2004,
  journal = "Neuroscience letters",
  publisher = "Elsevier",
  volume = 367,
  number = 1,
  keywords = "Alzheimer's,amyloid,Polygala",
  url = "http://www.sciencedirect.com/science/article/pii/S0304394004006913"
}


@article{chen2004effect,
  author = "Y.-L. Chen and C.-L. Hsieh and P.-H. B. Wu and J.-G. Lin",
  title = "Effect of Polygala tenuifolia root on behavioral disorders by lesioning nucleus basalis magnocellularis in rat",
  year = 2004,
  journal = "Journal of ethnopharmacology",
  publisher = "Elsevier",
  volume = 95,
  number = 1,
  keywords = "Polygala",
  url = "http://www.sciencedirect.com/science/article/pii/S0378874104002983"
}


@article{lee2004antifungal,
  author = "J. Y. Lee and J. Y. Lee and B.-S. Yun and B. K. Hwang",
  title = "Antifungal activity of $\beta$-asarone from rhizomes of Acorus gramineus",
  year = 2004,
  journal = "Journal of agricultural and food chemistry",
  publisher = "ACS Publications",
  volume = 52,
  number = 4,
  keywords = "antifungal,Acorus",
  url = "http://pubs.acs.org/doi/abs/10.1021/jf035204o"
}


@article{roeder2004toll,
  author = "A. Roeder and C. J. Kirschning and R. A. Rupec and M. Schaller and G. Weindl and H. C. Korting",
  title = "Toll-like receptors as key mediators in innate antifungal immunity",
  year = 2004,
  journal = "Medical Mycology",
  publisher = "Informa UK Ltd UK",
  volume = 42,
  number = 6,
  keywords = "antifungal,innate immunity",
  url = "http://informahealthcare.com/doi/abs/10.1080/13693780400011112"
}


@article{nurnberger2004innate,
  author = "T. Nürnberger and F. Brunner and B. Kemmerling and L. Piater",
  title = "Innate immunity in plants and animals: striking similarities and obvious differences",
  year = 2004,
  journal = "Immunological reviews",
  publisher = "Wiley Online Library",
  volume = 198,
  number = 1,
  url = "http://onlinelibrary.wiley.com/doi/10.1111/j.0105-2896.2004.0119.x/pdf"
}


@article{bellocchio2004contribution,
  author = "S. Bellocchio and C. Montagnoli and S. Bozza and R. Gaziano and G. Rossi and S. S. Mambula and A. Vecchi and A. Mantovani and S. M. Levitz and L. Romani",
  title = "The contribution of the Toll-like/IL-1 receptor superfamily to innate and adaptive immunity to fungal pathogens in vivo",
  year = 2004,
  journal = "The Journal of Immunology",
  publisher = "Am Assoc Immnol",
  volume = 172,
  number = 5,
  keywords = "fungal",
  url = "http://www.jimmunol.org/content/172/5/3059.short"
}


@article{terasawa2004evidence,
  author = "K. Terasawa",
  title = "Evidence-based reconstruction of Kampo medicine: part I—is Kampo CAM?",
  year = 2004,
  journal = "Evidence-Based Complementary and Alternative Medicine",
  publisher = "Oxford University Press",
  volume = 1,
  number = 1,
  keywords = "kampo",
  url = "http://www.ncbi.nlm.nih.gov/pmc/articles/PMC442105/"
}


@article{rollinger2004acetylcholinesterase,
  author = "J. M. Rollinger and A. Hornick and T. Langer and H. Stuppner and H. Prast",
  title = "Acetylcholinesterase inhibitory activity of scopolin and scopoletin discovered by virtual screening of natural products",
  year = 2004,
  journal = "Journal of medicinal chemistry",
  publisher = "ACS Publications",
  volume = 47,
  number = 25,
  keywords = "acetylcholinesterase,AChE",
  url = "http://pubs.acs.org/doi/abs/10.1021/jm049655r"
}


@article{laursen2004phenazine,
  author = "J. B. Laursen and J. Nielsen",
  title = "Phenazine natural products: biosynthesis, synthetic analogues, and biological activity",
  year = 2004,
  journal = "Chemical reviews",
  publisher = "ACS Publications",
  volume = 104,
  number = 3,
  keywords = "antibiotics,natural products",
  url = "http://pubs.acs.org/doi/pdf/10.1021/cr020473j"
}


@article{pasquier2004natural,
  author = "F. Pasquier and F. Richard and F. Lebert",
  title = "Natural history of frontotemporal dementia: comparison with Alzheimer’s disease",
  year = 2004,
  journal = "Dementia and geriatric cognitive disorders",
  publisher = "Karger Publishers",
  volume = 17,
  number = 4,
  keywords = "history,dementia,Alzheimer's",
  url = "http://www.karger.com/Article/Fulltext/77148"
}


@inproceedings{yamada2004new,
  author = "H. Yamada",
  title = "New Scientific Approach for Natural Medicine",
  year = 2004,
  booktitle = "Complementary and Alternative Approaches to Biomedicine",
  publisher = "Springer",
  url = "http://link.springer.com/chapter/10.1007/978-1-4757-4820-8_4"
}


@article{iwasaki2004randomized,
  author = "K. Iwasaki and S. Kobayashi and Y. Chimura and M. Taguchi and K. Inoue and S. Cho and T. Akiba and H. Arai and J.-C. Cyong and H. Sasaki",
  title = "A Randomized, Double-Blind, Placebo-Controlled Clinical Trial of the Chinese Herbal Medicine “Ba Wei Di Huang Wan” in the Treatment of Dementia",
  year = 2004,
  journal = "Journal of the American Geriatrics Society",
  publisher = "Wiley Online Library",
  volume = 52,
  number = 9,
  keywords = "dementia,BDW,RCT,TCM,BWD",
  url = "http://onlinelibrary.wiley.com/doi/10.1111/j.1532-5415.2004.52415.x/pdf"
}


@article{chami2004evaluation,
  author = "F. Chami and N. Chami and S. Bennis and J. Trouillas and A. Remmal",
  title = "Evaluation of carvacrol and eugenol as prophylaxis and treatment of vaginal candidiasis in an immunosuppressed rat model",
  year = 2004,
  journal = "Journal of Antimicrobial Chemotherapy",
  publisher = "Br Soc Antimicrob Chemo",
  volume = 54,
  number = 5,
  keywords = "antifungal,candida,oregano",
  url = "http://jac.oxfordjournals.org/content/54/5/909.short"
}


@article{heo2004effect,
  author = "H. J. Heo and D.-O. Kim and S. C. Shin and M. J. Kim and B. G. Kim and D.-H. Shin",
  title = "Effect of antioxidant flavanone, naringenin, from Citrus junos on neuroprotection",
  year = 2004,
  journal = "Journal of agricultural and food chemistry",
  publisher = "ACS Publications",
  volume = 52,
  number = 6,
  keywords = "antioxidant,Citrus,neuroprotection"
}


@article{heo2004naringenin,
  author = "H. J. Heo and M.-J. Kim and J.-M. Lee and S. J. Choi and H.-Y. Cho and B. Hong and H.-K. Kim and E. Kim and D.-H. Shin",
  title = "Naringenin from Citrus junos has an inhibitory effect on acetylcholinesterase and a mitigating effect on amnesia",
  year = 2004,
  journal = "Dementia and geriatric cognitive disorders",
  publisher = "Karger Publishers",
  volume = 17,
  number = 3,
  keywords = "Citrus,acetylcholinesterase"
}


@article{fassbender2004lps,
  author = "K. Fassbender and S. Walter and S. Kühl and R. Landmann and K. Ishii and T. Bertsch and A. Stalder and F. Muehlhauser and Y. Liu and A. Ulmer and others",
  title = "The LPS receptor (CD14) links innate immunity with Alzheimer’s disease",
  year = 2004,
  journal = "The FASEB Journal",
  publisher = "FASEB",
  volume = 18,
  number = 1,
  keywords = "LPS,innate immunity,Alzheimer's",
  url = "http://www.fasebj.org/content/18/1/203.full"
}


@article{oh2004screening,
  author = "M. Oh and P. Houghton and W. Whang and J. Cho",
  title = "Screening of Korean herbal medicines used to improve cognitive function for anti-cholinesterase activity",
  year = 2004,
  journal = "Phytomedicine",
  publisher = "Elsevier",
  volume = 11,
  number = 6,
  keywords = "calamus,Poria,AChE,Korean",
  url = "http://www.sciencedirect.com/science/article/pii/S0944711304000273"
}


@article{singh2004dangshen,
  author = "B. Singh and H. Song and L. Xiao-Dong and M. Hardy and others",
  title = "Dangshen (Codonopsis pilosula) and Bai guo (Gingko biloba) enhance learning and memory",
  year = 2004,
  journal = "Alternative therapies in health and medicine",
  publisher = "InnoVision Health Media, Inc.",
  volume = 10,
  number = 4,
  keywords = "Shen-Zhi-Ling,Codonopsis,memory",
  url = "http://www.ncbi.nlm.nih.gov/pubmed/15285274"
}


@inproceedings{wang2004effects,
  author = "M.-F. Wang and Y.-C. Chan and C.-L. Wu and Y.-C. Wong and K. Hosoda and S. Yamamoto",
  title = "Effects of Ganoderma on aging and learning and memory ability in senescence accelerated mice",
  year = 2004,
  booktitle = "International Congress Series",
  volume = 1260,
  keywords = "ganoderma,Alzheimer's,animal model,aging,memory",
  url = "http://www.sciencedirect.com/science/article/pii/S0531513103016820"
}


@article{ono2004curcumin,
  author = "K. Ono and K. Hasegawa and H. Naiki and M. Yamada",
  title = "Curcumin has potent anti-amyloidogenic effects for Alzheimer's $\beta$-amyloid fibrils in vitro",
  year = 2004,
  journal = "Journal of neuroscience research",
  publisher = "Wiley Online Library",
  volume = 75,
  number = 6,
  keywords = "curcumin,Alzheimer's,in vitro",
  url = "http://onlinelibrary.wiley.com/doi/10.1002/jnr.20025/abstract"
}


@article{motsei2003screening,
  author = "M. Motsei and K. Lindsey and J. V. Staden and A. Jäger",
  title = "Screening of traditionally used South African plants for antifungal activity against Candida albicans",
  year = 2003,
  journal = "Journal of ethnopharmacology",
  publisher = "Elsevier",
  volume = 86,
  number = 2,
  keywords = "antifungal,candida",
  url = "http://www.sciencedirect.com/science/article/pii/S0378874103000825"
}


@article{thirach2003antifungal,
  author = "S. Thirach and K. Tragoolpua and S. Punjaisee and C. Khamwan and C. Jatisatiennr and N. Ku-nyanone",
  title = "Antifungal activity of some medicinal plant extracts against Candida albicans and Cryptococcus neoformans",
  year = 2003,
  journal = "Acta Hort (ISHS)",
  volume = 597,
  keywords = "antifungal,candida",
  url = "http://195.130.72.98/images/stories/acta/Acta%20597/597_31.pdf"
}


@article{newman2003natural,
  author = "D. J. Newman and G. M. Cragg and K. M. Snader",
  title = "Natural products as sources of new drugs over the period 1981-2002",
  year = 2003,
  journal = "Journal of natural products",
  publisher = "ACS Publications",
  volume = 66,
  number = 7,
  keywords = "natural products",
  url = "http://pubs.acs.org/doi/abs/10.1021/np030096l"
}


@article{watanabe2003pharmacological,
  author = "H. Watanabe and Q. Zhao and K. Matsumoto and M. Tohda and Y. Murakami and S.-H. Zhang and T.-H. Kang and P. Mahakunakorn and Y. Maruyama and I. Sakakibara and others",
  title = "Pharmacological evidence for antidementia effect of Choto-san (Gouteng-san), a traditional Kampo medicine",
  year = 2003,
  journal = "Pharmacology Biochemistry and Behavior",
  publisher = "Elsevier",
  volume = 75,
  number = 3,
  keywords = "kampo",
  url = "http://www.sciencedirect.com/science/article/pii/S0091305703001096"
}


@article{yabe2003induction,
  author = "T. Yabe and H. Tuchida and H. Kiyohara and T. Takeda and H. Yamada",
  title = "Induction of NGF synthesis in astrocytes by onjisaponins of Polygala tenuifolia, constituents of kampo (Japanese herbal) medicine, Ninjin-yoei-to",
  year = 2003,
  journal = "Phytomedicine",
  publisher = "Elsevier",
  volume = 10,
  number = 2,
  keywords = "Polygala,kampo,NGF",
  url = "http://www.sciencedirect.com/science/article/pii/S0944711304702019"
}


@article{tohda2003repair,
  author = "C. Tohda and T. Tamura and K. Komatsu",
  title = "Repair of amyloid $\beta$ (25--35)-induced memory impairment and synaptic loss by a Kampo formula, Zokumei-to",
  year = 2003,
  journal = "Brain research",
  publisher = "Elsevier",
  volume = 990,
  number = 1,
  keywords = "amyloid,memory,kampo,Alzheimer's",
  url = "http://www.sciencedirect.com/science/article/pii/S0006899303034498"
}


@article{zhenyou2003study,
  author = "J. Zhenyou and L. Chen",
  title = "Study of Ganoderma Lucidum Polysaccharide on Effects of Cellular Immune Function in mice [J]",
  year = 2003,
  journal = "Journal of Microbiology",
  volume = 2,
  keywords = "ganoderma,polysaccharide",
  url = "http://en.cnki.com.cn/Article_en/CJFDTOTAL-WSWX200302023.htm"
}


@article{kalemba2003antibacterial,
  author = "D. Kalemba and A. Kunicka",
  title = "Antibacterial and antifungal properties of essential oils",
  year = 2003,
  journal = "Current medicinal chemistry",
  publisher = "Bentham Science Publishers",
  volume = 10,
  number = 10,
  keywords = "antifungal,oregano,mint,thyme,cinnamon,salvia,clove",
  url = "http://www.ingentaconnect.com/content/ben/cmc/2003/00000010/00000010/art00002"
}


@article{park2002novel,
  author = "C. H. Park and S. H. Choi and J.-W. Koo and J.-H. Seo and H.-S. Kim and S.-J. Jeong and Y.-H. Suh",
  title = "Novel cognitive improving and neuroprotective activities of Polygala tenuifolia Willdenow extract, BT-11",
  year = 2002,
  journal = "Journal of neuroscience research",
  publisher = "Wiley Online Library",
  volume = 70,
  number = 3,
  keywords = "neuroprotective,Polygala",
  url = "http://onlinelibrary.wiley.com/doi/10.1002/jnr.10429/full"
}


@article{nurnberger2002innate,
  author = "T. Nürnberger and F. Brunner",
  title = "Innate immunity in plants and animals: emerging parallels between the recognition of general elicitors and pathogen-associated molecular patterns",
  year = 2002,
  journal = "Current opinion in plant biology",
  publisher = "Elsevier",
  volume = 5,
  number = 4,
  url = "http://www.sciencedirect.com/science/article/pii/S1369526602002650"
}


@article{park2002discovery,
  author = "S.-Y. Park and D. S. Kim",
  title = "Discovery of Natural Products from Curcuma l onga that Protect Cells from Beta-Amyloid Insult: A Drug Discovery Effort against Alzheimer's Disease",
  year = 2002,
  journal = "Journal of natural products",
  publisher = "ACS Publications",
  volume = 65,
  number = 9,
  keywords = "Alzheimer's,natural products,turmeric,Curcuma,amyloid,drug discovery",
  url = "http://pubs.acs.org/doi/abs/10.1021/np010039x"
}


@techreport{EC2002directorate,
  author = "S. C. o. Food",
  title = "Opinion of the Scientific Committee on Food on the presence of $\beta$-asarone in flavourings and other food ingredients with flavouring properties",
  year = 2002,
  institution = "EUROPEAN COMMISSION",
  keywords = "regulation",
  url = "http://ec.europa.eu/food/fs/sc/scf/out111_en.pdf"
}


@article{ขจร2001fungistatic,
  author = "ข. ศ. ต. พัว and โ. ธ. ราช and จ. ค. วรรณ and ช. จ. ต. เสถียร and อ. ร. ย. จ. ต. เสถียร and เ. ก. นนท์ and ส. ช. ป. จ. ย. สีห์",
  title = "Fungistatic Property of Eugenia caryophyllus Bullock \& Harrison and Acorus calamus Linn. Extracts Against Candida albicans and Cryptococcus neoformans",
  year = 2001,
  journal = "Bulletin of Chiang Mai Associated Medical Sciences",
  volume = 34,
  number = 2,
  keywords = "Acorus,calamus,candida",
  url = "http://journal.ams.cmu.ac.th/index.php/j/article/viewFile/740/686"
}


@article{perry2001vitro,
  author = "N. S. Perry and P. J. Houghton and J. Sampson and A. E. Theobald and S. Hart and M. Lis-Balchin and J. R. S. Hoult and P. Evans and P. Jenner and S. Milligan and others",
  title = "In-vitro activity of S. lavandulaefolia (Spanish sage) relevant to treatment of Alzheimer's disease",
  year = 2001,
  journal = "Journal of Pharmacy and pharmacology",
  publisher = "Wiley Online Library",
  volume = 53,
  number = 10,
  keywords = "in vitro,sage,Alzheimer's",
  url = "http://onlinelibrary.wiley.com/doi/10.1211/0022357011777846/abstract"
}


@article{manohar2001antifungal,
  author = "V. Manohar and C. Ingram and J. Gray and N. A. Talpur and B. W. Echard and D. Bagchi and H. G. Preuss",
  title = "Antifungal activities of origanum oil against Candida albicans",
  year = 2001,
  journal = "Molecular and cellular biochemistry",
  publisher = "Springer",
  volume = 228,
  number = 12,
  keywords = "antifungal,candida,oregano,animal model",
  url = "http://link.springer.com/article/10.1023/A:1013311632207"
}


@article{cutler2001mice,
  author = "D. Cutler",
  title = "Mice cured of Alzheimer's disease",
  year = 2001,
  journal = "Trends in Pharmacological Sciences",
  publisher = "Elsevier Current Trends",
  volume = 22,
  number = 10,
  keywords = "Alzheimer's"
}


@article{in2001nonsteroidal,
  author = "B. A. I. Veld and A. Ruitenberg and A. Hofman and L. J. Launer and C. M. van Duijn and T. Stijnen and M. M. Breteler and B. H. Stricker",
  title = "Nonsteroidal antiinflammatory drugs and the risk of Alzheimer's disease",
  year = 2001,
  journal = "New England Journal of Medicine",
  publisher = "Mass Medical Soc",
  volume = 345,
  number = 21,
  keywords = "Alzheimer's,antiinflammatory",
  url = "http://www.nejm.org/doi/full/10.1056/NEJMoa010178"
}


@article{lee2000two,
  author = "E. W. Lee and K. Shizuki and S. Hosokawa and M. Suzuki and H. Suganuma and T. Inakuma and J. Li and M. Ohnishi-Kameyama and T. Nagata and S. Furukawa and others",
  title = "Two novel diterpenoids, erinacines H and I from the mycelia of Hericium erinaceum",
  year = 2000,
  journal = "Bioscience, biotechnology, and biochemistry",
  publisher = "Taylor \& Francis",
  volume = 64,
  number = 11,
  keywords = "Hericium",
  url = "http://www.tandfonline.com/doi/abs/10.1271/bbb.64.2402"
}


@article{lake2000psychotropic,
  author = "J. Lake",
  title = "Psychotropic medications from natural products: a review of promising research and recommendations",
  year = 2000,
  journal = "Alternative therapies in health and medicine",
  publisher = "InnoVision Health Media, Inc.",
  volume = 6,
  number = 3,
  keywords = "review",
  url = "http://search.proquest.com/openview/ed386923dde43886ed3c4aa82710b791/1?pq-origsite=gscholar"
}


@article{akiyama2000inflammation,
  author = "H. Akiyama and S. Barger and S. Barnum and B. Bradt and J. Bauer and G. M. Cole and N. R. Cooper and P. Eikelenboom and M. Emmerling and B. L. Fiebich and others",
  title = "Inflammation and Alzheimer’s disease",
  year = 2000,
  journal = "Neurobiology of aging",
  publisher = "Elsevier",
  volume = 21,
  number = 3,
  keywords = "Alzheimer's,inflammation",
  url = "http://www.sciencedirect.com/science/article/pii/S019745800000124X"
}


@article{tank2000renal,
  author = "S. J. Tank and R. S. Chima and V. Shah and S. Malik and S. Joshi and R. H. Mazumdar",
  title = "Renal amyloidosis following tuberculosis",
  year = 2000,
  journal = "The Indian Journal of Pediatrics",
  publisher = "Springer",
  volume = 67,
  number = 9,
  keywords = "infection,amyloid",
  url = "http://link.springer.com/article/10.1007/BF02762183"
}


@article{manyam1999dementia,
  author = "B. V. Manyam",
  title = "Dementia in ayurveda",
  year = 1999,
  journal = "The Journal of Alternative and Complementary Medicine",
  publisher = "Mary Ann Liebert, Inc. 2 Madison Avenue Larchmont, NY 10538 USA",
  volume = 5,
  number = 1,
  keywords = "dementia,ayurveda",
  url = "http://online.liebertpub.com/doi/abs/10.1089/acm.1999.5.81"
}


@article{mclean1999soluble,
  author = "C. A. McLean and R. A. Cherny and F. W. Fraser and S. J. Fuller and M. J. Smith and K. Vbeyreuther and A. I. Bush and C. L. Masters",
  title = "Soluble pool of A$\beta$ amyloid as a determinant of severity of neurodegeneration in Alzheimer's disease",
  year = 1999,
  journal = "Annals of neurology",
  publisher = "Wiley Online Library",
  volume = 46,
  number = 6,
  keywords = "amyloid,neurodegeneration,Alzheimer's",
  url = "http://onlinelibrary.wiley.com/doi/10.1002/1531-8249(199912)46:6%3C860::AID-ANA8%3E3.0.CO;2-M/full"
}


@article{fugh1999dietary,
  author = "A. Fugh-Berman and J. M. Cott",
  title = "Dietary supplements and natural products as psychotherapeutic agents",
  year = 1999,
  journal = "Psychosomatic Medicine",
  publisher = "LWW",
  volume = 61,
  number = 5,
  url = "http://journals.lww.com/psychosomaticmedicine/Abstract/1999/09000/Dietary_Supplements_and_Natural_Products_as.12.aspx"
}


@article{perry1999medicinal,
  author = "E. K. Perry and A. T. Pickering and W. W. Wang and P. J. Houghton and N. S. Perry",
  title = "Medicinal Plants and Alzheimer's Disease: from Ethnobotany to Phytotherapy**",
  year = 1999,
  journal = "Journal of Pharmacy and Pharmacology",
  publisher = "Wiley Online Library",
  volume = 51,
  number = 5,
  keywords = "Alzheimer's",
  url = "http://onlinelibrary.wiley.com/doi/10.1211/0022357991772808/abstract"
}


@inproceedings{suzuki1999japanese,
  author = "T. Suzuki and M. Higuchi and T. Yabe and H. Yamada and K. Toriizuka and T. Hanawa and Y. Ikarashi and K. Iwasaki and Q. Wang and H. Arai and others",
  title = "A Japanese herbal medicine (kampo) and a combination of estrogen, vitamine-E and NSAID in the treatment of Alzheimer’s disease",
  year = 1999,
  booktitle = "29th Annual Meeting, Society for Neuroscience Abstract Vol. 25, 848.12",
  keywords = "kampo,Alzheimer's"
}


@article{mizuno1999bioactive,
  author = "T. Mizuno",
  title = "Bioactive substances in Hericium erinaceus (Bull.: Fr.) Pers.(Yamabushitake), and its medicinal utilization",
  year = 1999,
  journal = "International Journal of Medicinal Mushrooms",
  publisher = "Begel House Inc.",
  volume = 1,
  number = 2,
  keywords = "Hericium"
}


@article{rocken1999generalized,
  author = "C. Röcken and D. Radun and B. Glasbrenner and P. Malfertheiner and A. Roessner",
  title = "Generalized AA-amyloidosis in a 58-year-old Caucasian woman with an 18-month history of gastrointestinal tuberculosis",
  year = 1999,
  journal = "Virchows Archiv",
  publisher = "Springer",
  volume = 434,
  number = 1,
  keywords = "case report,infection,amyloid",
  url = "http://link.springer.com/article/10.1007/s004280050311"
}


@article{kim1998effect,
  author = "H. Kim and E. Lee and H. Na and S. Lee and T. Shin and Y. Lyu and N. Kim and S. Nomura",
  title = "Effect of Polygala tenuifolia root extract on the tumor necrosis factor-$\alpha$ secretion from mouse astrocytes",
  year = 1998,
  journal = "Journal of ethnopharmacology",
  publisher = "Elsevier",
  volume = 61,
  number = 3,
  keywords = "Polygala",
  url = "http://www.sciencedirect.com/science/article/pii/S0378874198000403"
}


@article{abe1998protective,
  author = "S. Abe and S. Tansho and H. Ishibashi and N. Inagaki and Y. Komatsu and H. Yamaguchi",
  title = "Protective Effect of Oral Administration of: A Traditional Medicine, Juzen-Taiho-To, and Its Components on Lethal Candida Albicans Infection in Immunosuppressed Mice",
  year = 1998,
  journal = "Immunopharmacology and immunotoxicology",
  publisher = "Taylor \& Francis",
  volume = 20,
  number = 3,
  keywords = "candida,infection",
  url = "http://www.tandfonline.com/doi/abs/10.3109/08923979809034824"
}


@article{perry1998medicinal,
  author = "E. K. Perry and A. T. Pickering and W. W. Wang and P. Houghton and N. S. Perry",
  title = "Medicinal plants and Alzheimer's disease: Integrating ethnobotanical and contemporary scientific evidence",
  year = 1998,
  journal = "The Journal of Alternative and Complementary Medicine",
  publisher = "Mary Ann Liebert, Inc. 2 Madison Avenue Larchmont, NY 10538 USA",
  volume = 4,
  number = 4,
  keywords = "Alzheimer's",
  url = "http://online.liebertpub.com/doi/abs/10.1089/acm.1998.4.419"
}


@article{zhu1998scientific,
  author = "J.-S. Zhu and G. M. Halpern and K. Jones",
  title = "The scientific rediscovery of an ancient Chinese herbal medicine: Cordyceps sinensis Part I",
  year = 1998,
  journal = "The Journal of alternative and complementary medicine",
  publisher = "Mary Ann Liebert, Inc. 2 Madison Avenue Larchmont, NY 10538 USA",
  volume = 4,
  number = 3,
  keywords = "Cordyceps,review",
  url = "http://online.liebertpub.com/doi/abs/10.1089/acm.1998.4.3-289"
}


@article{hammer1998vitro,
  author = "K. A. Hammer and C. F. Carson and T. V. Riley",
  title = "In-vitro activity of essential oils, in particular Melaleuca alternifolia (tea tree) oil and tea tree oil products, against Candida spp.",
  year = 1998,
  journal = "Journal of Antimicrobial Chemotherapy",
  publisher = "Br Soc Antimicrob Chemo",
  volume = 42,
  number = 5,
  keywords = "in vitro,candida,antifungal,tea tree",
  url = "http://jac.oxfordjournals.org/content/42/5/591.short"
}


@article{mizuno1998bioactive,
  author = "T. Mizuno",
  title = "Bioactive substances in Yamabushitake, the Hericium erinaceum fungus, and its medicinal utilization",
  year = 1998,
  journal = "FOODS AND FOOD INGREDIENTS JOURNAL OF JAPAN",
  publisher = "DAI NIPPON PRINTING CO.",
  keywords = "Hericium"
}


@article{shoba1998log,
  author = "G. Shoba and D. Joy and T. Joseph and M. Majeed and R. Rajendran and P. Srinivas",
  title = "Influence of Piperine on the Pharmacokinetics of Curcumin in Animals and Human Volunteers",
  year = 1998,
  journal = "Planta med",
  volume = 64,
  number = 4,
  keywords = "curcumin,pharmacokinetics",
  url = "https://www.thieme-connect.com/DOI/DOI?10.1055/s-2006-957450"
}


@article{yabe1997enhancements,
  author = "T. Yabe and S. Iizuka and Y. Komatsu and H. Yamada",
  title = "Enhancements of choline acetyltransferase activity and nerve growth factor secretion by Polygalae radix-extract containing active ingredients in Kami-untan-to",
  year = 1997,
  journal = "Phytomedicine",
  publisher = "Elsevier",
  volume = 4,
  number = 3,
  keywords = "Polygala",
  url = "http://www.sciencedirect.com/science/article/pii/S0944711397800682"
}


@article{yabe1997kami,
  author = "T. Yabe and H. Yamada",
  title = "Kami-untan-to enhances choline acetyltransferase and nerve growth factor mRNA levels in brain cultured cells",
  year = 1997,
  journal = "Phytomedicine",
  publisher = "Elsevier",
  volume = 3,
  number = 4,
  keywords = "AChE,NGF,in vitro",
  url = "http://www.sciencedirect.com/science/article/pii/S0944711397800104"
}


@article{sugaya1997nervous,
  author = "E. Sugaya and A. Sugaya and K. Kajiwara and N. Yuyama and T. Tsuda and M. Motoki and K. Shimizu-Nishikawa and M. Kimura",
  title = "Nervous diseases and Kampo (Japanese herbal) medicine: a new paradigm of therapy against intractable nervous diseases",
  year = 1997,
  journal = "Brain and Development",
  publisher = "Elsevier",
  volume = 19,
  number = 2,
  keywords = "kampo",
  url = "http://www.sciencedirect.com/science/article/pii/S0387760496005554"
}


@article{birdsall1997gastrointestinal,
  author = "T. C. Birdsall",
  title = "Gastrointestinal Candidiasis: Fact or Fiction?",
  year = 1997,
  publisher = "Citeseer",
  keywords = "candida,oregano",
  url = "http://citeseerx.ist.psu.edu/viewdoc/summary?doi=10.1.1.551.3114"
}


@article{kawagishi1996erinacines,
  author = "H. Kawagishi and A. Shimada and S. Hosokawa and H. Mori and H. Sakamoto and Y. Ishiguro and S. Sakemi and J. Bordner and N. Kojima and S. Furukawa",
  title = "Erinacines E, F, and G, stimulators of nerve growth factor (NGF)-synthesis, from the mycelia of Hericium erinaceum",
  year = 1996,
  journal = "Tetrahedron Letters",
  publisher = "Elsevier",
  volume = 37,
  number = 41,
  keywords = "Hericium",
  url = "http://www.sciencedirect.com/science/article/pii/0040403996016875"
}


@article{akagawa1996protection,
  author = "G. Akagawa and S. Abe and S. Tansho and K. Uchida and B. Yamaguchi",
  title = "Protection of C3H/HE J e from Developement of Candida Albicans Infection by Oral Administration of Juzen-Taiho-To and its Component, Ginseng Radix: Possible Roles of Macrophages in Tee Bost Defense Mechanisms",
  year = 1996,
  journal = "Immunopharmacology and immunotoxicology",
  publisher = "Informa UK Ltd UK",
  volume = 18,
  number = 1,
  keywords = "candida,infection",
  url = "http://informahealthcare.com/doi/abs/10.3109/08923979609007111"
}


@article{yabe1996kami,
  author = "T. Yabe and K. Toriizuka and H. Yamada",
  title = "Kami-untan-to (KUT) improves cholinergic deficits in aged rats",
  year = 1996,
  journal = "Phytomedicine",
  publisher = "Elsevier",
  volume = 2,
  number = 3,
  url = "http://www.sciencedirect.com/science/article/pii/S0944711396800511"
}


@article{hodge1996tolypocladium,
  author = "K. T. Hodge and S. B. Krasnoff and R. A. Humber",
  title = "Tolypocladium inflatum is the anamorph of Cordyceps subsessilis",
  year = 1996,
  journal = "Mycologia",
  publisher = "JSTOR",
  keywords = "Cordyceps",
  url = "http://www.jstor.org/stable/3760965"
}


@article{kawagishi1996erinacine,
  author = "H. Kawagishi and A. Simada and K. Shizuki and F. Ojima and H. Mori and K. Okamoto and H. Sakamoto and S. Furukawa",
  title = "Erinacine D, a stimulator of NGF-synthesis, from the mycelia of Hericium erinaceum",
  year = 1996,
  journal = "Heterocyclic Communications",
  volume = 2,
  number = 1,
  keywords = "Hericium",
  url = "http://www.degruyter.com/dg/viewarticle.fullcontentlink:pdfeventlink/$002fj$002fhc.1996.2.1$002fhc.1996.2.1.51$002fhc.1996.2.1.51.pdf?t:ac=j$002fhc.1996.2.1$002fhc.1996.2.1.51$002fhc.1996.2.1.51.xml"
}


@article{haverkamp1995natural,
  author = "L. J. Haverkamp and V. Appel and S. H. Appel",
  title = "Natural history of amyotrophic lateral sclerosis in a database population",
  year = 1995,
  journal = "Brain",
  publisher = "Oxford Univ Press",
  volume = 118,
  keywords = "history,ALS",
  url = "http://brain.oxfordjournals.org/content/brain/118/3/707.full.pdf"
}


@article{yabe1995choline,
  author = "T. Yabe and K. Torizuka and H. Yamada",
  title = "Choline acetyltransferase activity enhancing effects of Kami-untan-to (KUT) on basal forebrain cultured neurons and lesioned rats",
  year = 1995,
  journal = "Phytomedicine",
  publisher = "Elsevier",
  volume = 2,
  number = 1,
  keywords = "in vitro",
  url = "http://www.sciencedirect.com/science/article/pii/S0944711311800474"
}


@article{mizuno1995yamabushitake,
  author = "T. Mizuno",
  title = "Yamabushitake, Hericium erinaceum: bioactive substances and medicinal utilization",
  year = 1995,
  journal = "Food Reviews International",
  publisher = "Taylor \& Francis",
  volume = 11,
  number = 1,
  keywords = "Hericium",
  url = "http://www.tandfonline.com/doi/pdf/10.1080/87559129509541027"
}


@article{iked1995numerous,
  author = "K. Iked and H. Akiyama and H. Kondo and T. Arai and N. Arai and S. Yagishita",
  title = "Numerous glial fibrillary tangles in oligodendroglia in cases of subacute sclerosing panencephalitis with neurofibrillary tangles",
  year = 1995,
  journal = "Neuroscience letters",
  publisher = "Elsevier",
  volume = 194,
  number = 1,
  keywords = "infection",
  url = "http://www.sciencedirect.com/science/article/pii/0304394095117137"
}


@article{kawagishi1994erinacines,
  author = "H. Kawagishi and A. Shimada and R. Shirai and K. Okamoto and F. Ojima and H. Sakamoto and Y. Ishiguro and S. Furukawa",
  title = "Erinacines A, B and C, strong stimulators of nerve growth factor (NGF)-synthesis, from the mycelia of Hericium erinaceum",
  year = 1994,
  journal = "Tetrahedron Letters",
  publisher = "Elsevier",
  volume = 35,
  number = 10,
  keywords = "Hericium",
  url = "http://www.sciencedirect.com/science/article/pii/S0040403900767608"
}


@article{liberski1994transmissible,
  author = "P. P. Liberski",
  title = "Transmissible cerebral amyloidoses as a model for Alzheimer’s disease",
  year = 1994,
  journal = "Molecular neurobiology",
  publisher = "Springer",
  volume = 8,
  number = 1,
  keywords = "Alzheimer's,infection",
  url = "http://link.springer.com/article/10.1007/BF02778009#page-1"
}


@article{okamoto1993antimicrobial,
  author = "K. Okamoto and T. Sakai and A. Shimada and R. Shirai and H. Sakamoto and S. Yoshida and F. Ojima and Y. Ishiguro and H. Kawagishi",
  title = "Antimicrobial chlorinated orcinol derivatives from mycelia of Hericium erinaceum",
  year = 1993,
  journal = "Phytochemistry",
  publisher = "Elsevier",
  volume = 34,
  number = 5,
  keywords = "Hericium",
  url = "http://www.sciencedirect.com/science/article/pii/003194229180050B"
}


@article{wenling1993facilitatory,
  author = "Z. D. L. C. Z. Wenling and L. Qianliang",
  title = "Facilitatory Effects of Acorus Rhizome on Learning and Memory in Mice",
  year = 1993,
  journal = "现代应用药学",
  volume = 4,
  keywords = "Acorus,memory",
  url = "http://en.cnki.com.cn/Article_en/CJFDTOTAL-XDYD199304001.htm"
}


@article{de1993can,
  author = "J. D. l. Torre and T. Mussivand",
  title = "Can disturbed brain microcirculation cause Alzheimer's disease?",
  year = 1993,
  journal = "Neurological research",
  volume = 15,
  number = 3,
  keywords = "Alzheimer's",
  url = "http://europepmc.org/abstract/med/8103579"
}


@article{egashira1993multicenter,
  author = "Y. Egashira and H. Nagano",
  title = "A Multicenter Clinical Trial of TJ-96 in Patients with Steroid-Dependent Bronchial Asthma A Comparison of Groups Allocated by the Envelope Method",
  year = 1993,
  journal = "Annals of the New York Academy of Sciences",
  publisher = "Wiley Online Library",
  volume = 685,
  number = 1,
  url = "http://onlinelibrary.wiley.com/doi/10.1111/j.1749-6632.1993.tb35921.x/abstract"
}


@article{fujiwara1993toki,
  author = "M. Fujiwara and K. Iwasaki",
  title = "Toki-Shakuyaku-San and Oren-Gedoku-To improve the disruption of spatial cognition induced by cerebral ischaemia and central cholinergic dysfunction in rats",
  year = 1993,
  journal = "Phytotherapy Research",
  publisher = "Wiley Online Library",
  volume = 7,
  number = 7,
  keywords = "ischemia,cholinergic,kampo",
  url = "http://onlinelibrary.wiley.com/doi/10.1002/ptr.2650070718/abstract"
}


@article{urban1993ct,
  author = "B. A. Urban and E. K. Fishman and S. Goldman and W. S. Jr and B. Jones and R. Humphrey and R. Hruban",
  title = "CT evaluation of amyloidosis: spectrum of disease.",
  year = 1993,
  journal = "Radiographics",
  volume = 13,
  number = 6,
  keywords = "infection,amyloid",
  url = "http://pubs.rsna.org/doi/abs/10.1148/radiographics.13.6.8290725"
}


@article{hardy1992alzheimer,
  author = "J. A. Hardy and G. A. Higgins",
  title = "Alzheimer's disease: the amyloid cascade hypothesis",
  year = 1992,
  journal = "Science",
  publisher = "The American Association for the Advancement of Science",
  volume = 256,
  number = 5054,
  keywords = "Alzheimer's,amyloid",
  url = "http://search.proquest.com/openview/e965729ff54db4d8a61fdb184525be25/1?pq-origsite=gscholar"
}


@article{citron1992mutation,
  author = "M. Citron and T. Oltersdorf and C. Haass and L. McConlogue and A. Y. Hung and P. Seubert and C. Vigo-Pelfrey and I. Lieberburg and D. J. Selkoe",
  title = "Mutation of the $\beta$-amyloid precursor protein in familial Alzheimer's disease increases $\beta$-protein production",
  year = 1992,
  journal = "Nature",
  publisher = "Nature Publishing Group",
  volume = 360,
  number = 6405,
  keywords = "Alzheimer's",
  url = "http://www.nature.com/nature/journal/v360/n6405/abs/360672a0.html"
}


@article{fratiglioni1992occurrence,
  author = "L. Fratiglioni and M. Viitanen and L. Bäkman and P.-O. Sandman and B. Winblad",
  title = "Occurrence of dementia in advanced age: the study design of the Kungsholmen Project",
  year = 1992,
  journal = "Neuroepidemiology",
  publisher = "Karger Publishers",
  volume = 11,
  number = 1,
  keywords = "dementia",
  url = "http://www.karger.com/Article/FullText/110958"
}


@article{huang1990order,
  author = "J. Huang and L. Jiang and J. Xu and J. Mi",
  title = "In order to protect the kidney from cyclosporin nephrotox-icity, we recommend that cyclosporin should be coadmini-stered with Cordyceps sinensis in kidney-transplanted recipients. Department of Clinical Pharmacology",
  year = 1990,
  journal = "Clin Pharmacokinet",
  volume = 18,
  keywords = "Cordyceps",
  url = "http://omni-health.net/Home_Page/Products/Cordyceps/Docs/Cord_cyclosporine_kidneys_eng.pdf"
}


@article{mandybur1990distribution,
  author = "T. Mandybur",
  title = "The distribution of Alzheimer's neurofibrillary tangles and gliosis in chronic subacute sclerosing panencephalitis",
  year = 1990,
  journal = "Acta neuropathologica",
  publisher = "Springer",
  volume = 80,
  number = 3,
  keywords = "Alzheimer's,infection",
  url = "http://link.springer.com/article/10.1007%2FBF00294649"
}


@article{yamamoto1989kampo,
  author = "T. Yamamoto and K. Kawano",
  title = "Kampo-treatment for dementia of Alzheimer's type",
  year = 1989,
  journal = "Jpn. J. Med. Pharm. Soc. Wakan-Yaku",
  volume = 6,
  keywords = "dementia,Alzheimer's,kampo"
}


@article{birecree1988immunoreactive,
  author = "E. Birecree and W. O. W. Jr and C. Stoscheck and L. E. K. Jr and L. B. Nanney",
  title = "Immunoreactive epidermal growth factor receptors in neuritic plaques from patients with Alzheimer's disease.",
  year = 1988,
  journal = "Journal of Neuropathology \& Experimental Neurology",
  publisher = "LWW",
  volume = 47,
  number = 5,
  keywords = "EGF,Alzheimer's",
  url = "http://www.ncbi.nlm.nih.gov/pubmed/3049945"
}


@article{looi1988immunohistochemical,
  author = "L. Looi and P. Jayalakshim and K. Lim and K. Rajagopalan",
  title = "An immunohistochemical and morphological study of amyloidosis complicating leprosy in Malaysian patients.",
  year = 1988,
  journal = "Annals of the Academy of Medicine, Singapore",
  volume = 17,
  number = 4,
  keywords = "infection,amyloid",
  url = "http://europepmc.org/abstract/med/3223746"
}


@article{summers1986oral,
  author = "W. K. Summers and L. V. Majovski and G. M. Marsh and K. Tachiki and A. Kling",
  title = "Oral tetrahydroaminoacridine in long-term treatment of senile dementia, Alzheimer type",
  year = 1986,
  journal = "New England Journal of Medicine",
  publisher = "Mass Medical Soc",
  volume = 315,
  number = 20,
  keywords = "dementia",
  url = "http://www.nejm.org/doi/full/10.1056/NEJM198611133152001"
}


@article{de1984serum,
  author = "F. D. Beer and A. Nel and R. Gie and P. Donald and A. Strachan",
  title = "Serum amyloid A protein and C-reactive protein levels in pulmonary tuberculosis: relationship to amyloidosis.",
  year = 1984,
  journal = "Thorax",
  publisher = "BMJ Publishing Group Ltd and British Thoracic Society",
  volume = 39,
  number = 3,
  keywords = "infection,amyloid",
  url = "http://thorax.bmj.com/content/39/3/196.abstract?ijkey=96563272037fac23adf8f8e782ca03cfd5e2a957&keytype2=tf_ipsecsha"
}


@article{kueh1984amyloid,
  author = "Y. Kueh and G. Devathasan",
  title = "Amyloid neuropathy in a woman with tabes dorsalis.",
  year = 1984,
  journal = "The New England journal of medicine",
  volume = 310,
  number = 12,
  keywords = "infection,amyloid"
}


@article{coyle1983alzheimer,
  author = "J. T. Coyle and D. L. Price and M. R. DeLong",
  title = "Alzheimer's disease: a disorder of cortical cholinergic innervation",
  year = 1983,
  journal = "Science",
  publisher = "American Association for the Advancement of Science",
  volume = 219,
  number = 4589,
  keywords = "Alzheimer's,cholinergic",
  url = "http://www.sciencemag.org/content/219/4589/1184.short"
}


@article{azzouz1982comparative,
  author = "M. A. Azzouz and L. B. Bullerman",
  title = "Comparative antimycotic effects of selected herbs, spices, plant components and commercial antifungal agents",
  year = 1982,
  journal = "Journal of Food Protection\textregistered",
  publisher = "International Association for Food Protection",
  volume = 45,
  number = 14,
  keywords = "antifungal",
  url = "http://www.ingentaconnect.com/content/iafp/jfp/1982/00000045/00000014/art00006"
}


@article{wangel1982family,
  author = "A. G. Wangel and O. Wegelius and A. E. Dyrting",
  title = "A family study of leprosy: subcutaneous amyloid deposits and humoral immune responses.",
  year = 1982,
  journal = "International Journal of Leprosy and Other Mycobacterial Diseases",
  volume = 50,
  number = 1,
  keywords = "infection,amyloid",
  url = "http://ila.ilsl.br/pdfs/v50n1a07.pdf"
}


@article{davies1976selective,
  author = "P. Davies and A. Maloney",
  title = "Selective loss of central cholinergic neurons in Alzheimer's disease",
  year = 1976,
  journal = "The Lancet",
  publisher = "Elsevier",
  volume = 308,
  number = 8000,
  keywords = "cholinergic,Alzheimer's"
}


@article{stillwell1973production,
  author = "M. Stillwell and R. Wall and G. Strunz",
  title = "Production, isolation, and antifungal activity of scytalidin, a metabolite of Scytalidium species",
  year = 1973,
  journal = "Canadian journal of microbiology",
  publisher = "NRC Research Press",
  volume = 19,
  number = 5,
  keywords = "antifungal",
  url = "http://www.nrcresearchpress.com/doi/abs/10.1139/m73-098"
}


